1971 2700
460 212 541 256 DE
571 210 793 256 BESTIIS
823 210 1091 256 MAR1N182
1358 212 1455 267 343

147 327 266 371 saltim
300 327 383 368 loco
413 335 457 367 vt
489 339 585 367 vena
616 337 704 366 caua
738 326 891 379 transit,
944 323 1248 367 membranosum
1295 333 1334 365 et
1365 333 1450 366 tan-

147 393 270 432 tillum
302 389 523 444 diaphanum
555 390 619 431 est.

264 483 395 526 Pulmo
427 485 556 526 colore
605 484 783 525 bubulam
831 485 940 526 refert
961 486 1012 525 in
1043 488 1084 523 6.
1139 483 1244 526 lobos
1295 482 1463 537 diuisus,'.

149 549 256 590 huius
302 549 378 589 duo
424 549 587 590 maiores
635 549 715 589 lobi
762 560 830 590 cor
878 549 983 604 supra
1030 549 1209 590 auriculas
1263 550 1453 601 Vtrimque

147 614 321 667 operiunt
338 644 348 663 ,
380 613 506 653 tertius
533 613 579 655 ad
612 613 759 666 apicem
809 614 926 654 cordis
975 614 1153 666 pertingit
1173 644 1184 664 ‚
1237 622 1382 667 quartus
1412 621 1452 652 et

153 687 236 726 stus
259 675 432 727 sinistrum
468 676 588 716 cordis
619 676 730 728 latus,
763 675 884 716 sextus
916 677 1093 717 dextrum
1127 676 1259 717 ambit.

264 770 402 825 Aspera
432 772 563 812 arteria
596 769 705 810 valde
739 782 863 824 capax
881 802 892 822 ,
911 770 1151 823 imperialem
1171 765 1460 821 transmittens‚'

150 834 370 889 epiglottide
402 835 572 876 instructa
593 867 603 886 ,
636 846 685 874 ex
716 834 867 887 integris
900 834 1030 874 validis
1062 833 1307 887 cartilagineis
1338 844 1457 873 annu-

150 900 196 939 lis
225 899 427 939 construera
447 931 457 951 ,
492 908 689 951 antequam
724 898 920 950 pulmones
959 897 1069 937 intrat
1090 928 1100 948 ‚
1135 898 1171 936 iu
1206 897 1296 937 duos
1329 907 1457 936 ramos

148 962 365 1002 diuaricatur
384 994 394 1014 ‚
428 975 588 1015 quorum
622 961 770 1014 quisque
802 961 925 1000 denuo
956 959 996 999 in
1038 969 1112 999 tres
1159 958 1280 1011 alios,
1331 958 1459 999 annuli

149 1037 343 1066 ramorum
394 1027 569 1065 omnium
619 1024 655 1062 in
690 1023 764 1076 ipsa
798 1024 1028 1076 pulmonum
1080 1021 1269 1062 substantia
1319 1021 1457 1075 integri

151 1088 227 1128 sunt
246 1119 255 1137 ,
288 1088 494 1141 graciliores
524 1087 642 1127 stiltim
675 1096 714 1126 et
746 1086 945 1126 flexiliores
965 1115 975 1134 ,
1009 1084 1111 1136 quod
1143 1086 1180 1123 in
1208 1084 1311 1124 nullo
1345 1094 1455 1124 antea

151 1151 302 1191 animali
333 1149 516 1189 obseruaui
536 1181 546 1198 ,
581 1149 667 1186 inde
698 1149 808 1199 igitur
840 1159 924 1186 vox
955 1145 1128 1186 stentoria
1147 1178 1157 1198 ‚
1189 1146 1307 1199 grauis
1324 1144 1456 1186 fremi-

151 1222 208 1253 tus
256 1221 295 1250 et
325 1209 444 1250 fumus
479 1222 528 1251 ex
560 1210 739 1250 iratorum
771 1209 928 1250 fiiucibus
976 1208 1152 1250 exhalans
1170 1241 1182 1262 ,
1212 1209 1314 1250 facile
1362 1221 1460 1251 con-

148 1275 224 1328 cipi
254 1272 386 1326 potest.

262 1334 343 1376 Cor
375 1337 579 1390 pericardio
611 1338 849 1390 inuolutum,
887 1336 1136 1391 pericardium
1184 1346 1309 1378 autem
1360 1336 1460 1378 vltra

147 1400 344 1441 dimidium
379 1401 522 1454 liquore
555 1401 750 1454 pericardii
797 1402 953 1454 plenum
997 1410 1089 1441 erat.
1173 1399 1458 1440 Viuaciffimum

149 1464 253 1503 enim
285 1463 421 1504 animal
454 1464 505 1504 est
524 1495 536 1515 ‚
569 1477 637 1504 nec
669 1465 746 1504 cito
796 1463 1021 1504 validissimis
1069 1463 1198 1504 idribus
1243 1463 1456 1503 conficitur.

151 1526 321 1568 Externa
354 1536 391 1568 et
421 1528 565 1568 interna
599 1527 772 1568 strtic'rura
801 1526 858 1567 sua
892 1540 913 1568 a
945 1527 1152 1580 phocarum
1198 1527 1312 1567 corde
1362 1524 1458 1566 nihil

150 1588 304 1641 differt,
335 1590 437 1630 latius
454 1591 506 1631 est
523 1603 635 1645 quam
668 1591 833 1644 longius,
863 1603 906 1631 ac
938 1591 1129 1643 Vtrimque
1160 1589 1414 1643 compreffum
1433 1600 1456 1628 a

151 1652 277 1693 latere.
342 1653 434 1695 Vasa
467 1655 656 1695 coronaria
688 1655 809 1695 cordis
841 1654 948 1694 valde
981 1654 1149 1705 tumida,
1168 1654 1316 1707 grandia
1336 1685 1347 1703 ,
1365 1652 1456 1692 hinc

152 1725 188 1756 et
219 1716 279 1756 diu
311 1718 392 1768 post
433 1727 598 1757 mortem
650 1717 844 1771 conspicua
875 1717 967 1758 sunt.
1032 1717 1156 1757 Flatus
1205 1716 1385 1757 immiflus
1416 1715 1459 1753 in

153 1779 371 1819 maximum
404 1791 552 1818 ramum
584 1779 754 1820 vasorum
789 1782 1024 1821 coronalium
1055 1780 1188 1819 attollit
1216 1779 1390 1819 arteriam
1421 1785 1460 1817 et

154 1841 328 1881 auriculas
346 1874 356 1893 ‚
406 1854 599 1882 ramorum
650 1851 777 1883 autern
829 1853 999 1883 extrema
1051 1843 1179 1883 inflata
1227 1841 1325 1895 ipsos
1367 1851 1458 1881 ven·

154 1904 310 1945 triculos.

268 1967 453 2007 Foramen
489 1968 593 2009 ouale
625 1977 796 2022 apertum
831 1968 972 2020 habet,
1007 1977 1051 2009 vt
1085 1967 1208 2023 phoca
1228 2000 1239 2020 ‚
1281 1967 1459 2009 auriculae

156 2042 310 2083 magnae
343 2039 491 2082 tenues,
527 2032 623 2072 intus
656 2031 779 2072 multis
808 2031 909 2071 fibris
940 2033 1082 2072 nerueis
1114 2034 1333 2072 intertextae
1367 2032 1457 2071 sunt.

155 2092 192 2133 E
222 2093 352 2133 dextra
385 2094 541 2135 auricula
576 2094 764 2149 polypum
806 2094 989 2135 radioliim
1040 2096 1179 2136 exemi.
1248 2093 1461 2135 Columnae

154 2155 197 2196 in
231 2158 441 2203 ventriculis
480 2159 599 2202 cordis
647 2159 755 2214 digiti
785 2159 987 2202 auricularis
1018 2158 1169 2202 craffitie
1213 2159 1292 2201 sunt
1311 2193 1322 2213 ,
1354 2157 1461 2198 coni-

1395 2229 1460 2259 cac
