1971 2700
125 218 221 263 MV
218 215 384 262 SCVLI
401 213 464 262 IN
482 211 732 260 PECTORE
748 212 1308 263 PRAETERNATVRAL.
1344 233 1432 273 259

128 341 207 373 tam
241 331 486 374 musculorum
521 329 689 370 hominis
720 327 912 370 historiam
952 328 1042 387 (a),
1074 333 1161 386 quin
1191 345 1241 373 ex
1274 344 1439 374 connato

128 396 195 438 fibi
227 399 386 437 candore
419 403 456 435 et
489 393 583 433 hanc
625 394 847 433 varietatem
900 394 1099 436 indicasset.
1169 396 1259 437 V1di
1310 406 1439 438 tamen

134 460 174 499 in
206 460 334 512 foetu,
368 459 433 499 vbi
465 469 546 510 pars
578 457 748 511 corporis
779 456 935 497 inferior
967 459 1078 512 plane
1111 460 1316 500 monstrosa
1338 493 1349 513 ,
1374 474 1440 502 cu-

130 522 184 563 ius
218 524 403 565 historiam
435 521 621 561 concinno
643 551 654 571 ‚
685 520 826 561 costam
862 520 1058 575 septimam
1091 524 1136 564 ad
1177 525 1338 565 ssernum
1358 558 1369 577 ,
1401 526 1440 566 in

94 585 98 588 ’
131 586 245 627 latere
276 587 435 636 dextro,
469 596 547 623 non
581 586 793 637 pertinere,
827 585 886 625 sed
905 617 916 636 ‚
950 594 994 626 vt
1025 587 1116 627 solet
1149 588 1281 629 octaua
1331 588 1441 643 septi-

132 663 218 690 mae
238 683 248 702 ,
282 651 327 690 fic
358 649 434 689 iam
469 647 561 687 haec
592 648 712 688 sextae
744 648 999 701 cartilaginem
1034 651 1127 691 infra
1160 652 1363 704 tangebat,
1388 652 1441 693 illi

133 714 269 755 inusta.
343 710 528 753 Musculus
575 711 697 751 rectus
730 723 820 750 vero
871 711 1082 753 findebatur
1123 715 1162 753 in
1194 715 1270 754 duo
1320 716 1442 756 modo

132 787 328 827 extrema,
367 787 528 829 quorum
580 774 702 814 sterno
740 774 964 828 proximum
1024 776 1189 828 gracilius
1238 779 1442 830 cartilagini

131 841 250 880 costae
259 839 393 891 sextae,
412 848 612 878 externum
631 838 738 879 latius
754 839 901 892 quintae
919 838 1045 879 eidem
1063 838 1286 880 inserebatur
1303 842 1349 881 ad
1369 849 1442 880 ter-

131 904 226 943 tiam
285 904 427 943 circiter
476 902 718 955 longitudinis
765 911 913 955 partem
933 933 944 954 ‚
996 912 1105 957 atque
1155 903 1240 944 inde
1273 904 1319 944 ad
1371 903 1442 943 ini-

133 969 229 1007 tium
249 999 260 1019 ,
292 979 369 1020 quo
401 978 449 1006 ex
481 966 578 1006 ossea
610 966 710 1005 costa
744 966 1004 1017 continuatur,
1038 978 1182 1019 vsque,
1219 968 1321 1008 iuxta
1354 966 1444 1008 latus

131 1040 168 1069 et
197 1029 426 1070 insertionem
460 1029 591 1082 prioris
622 1028 855 1068 adscendens.
922 1028 1015 1068 Vidi
1051 1030 1156 1069 idem
1190 1031 1229 1069 in
1260 1025 1446 1071 'cadauere

133 1094 201 1132 viri
236 1093 402 1144 robusti,
434 1095 535 1133 cuius
567 1091 640 1131 offa
674 1093 724 1132 ob
757 1091 861 1144 plura
892 1092 1086 1144 peculiaria
1131 1092 1295 1133 notanda
1344 1093 1446 1133 seruo

132 1154 218 1210 (b).
288 1155 347 1195 Ibi
379 1166 505 1195 autem
538 1153 717 1193 musculus
750 1153 890 1194 Rectus
922 1155 1139 1193 naturaliter
1162 1154 1372 1196 findebatur
1406 1156 1444 1196 in

133 1219 202 1257 tria
235 1227 404 1256 extrema
427 1246 437 1265 ‚
471 1216 528 1255 sed
561 1215 729 1266 primum
764 1215 903 1254 horum
937 1217 1173 1269 pertingebat
1206 1218 1249 1258 ad
1291 1218 1445 1271 sextae,

131 1279 324 1319 secundum
358 1279 404 1317 ad
436 1278 584 1332 quintae
616 1277 738 1317 costae
771 1278 1029 1331 cartilaginem
1050 1312 1060 1331 ,
1081 1281 1232 1322 tertium
1272 1283 1316 1323 ad
1337 1295 1444 1336 quar-

129 1350 210 1381 tam
243 1341 383 1381 costam
406 1373 416 1392 ,
451 1342 585 1394 partim
620 1341 756 1381 osseam
780 1373 792 1393 ‚
825 1343 965 1395 partim
986 1375 997 1394 ,
1031 1343 1096 1383 vbi
1130 1356 1180 1384 ex
1212 1345 1281 1386 hac
1300 1346 1448 1386 cartila-

131 1417 182 1457 go
215 1404 365 1444 vlterius
398 1405 443 1445 ad
484 1405 646 1444 ssernum
688 1406 891 1458 procedit;
935 1406 1029 1445 dum
1071 1408 1178 1447 iuxta
1228 1411 1443 1462 marginem

132 1466 378 1519 superiorem,
438 1480 548 1521 quam
597 1467 718 1518 solet,
778 1469 884 1508 altius
942 1469 1141 1521 pectoralis
1198 1473 1442 1524 procedebat.

133 1527 230 1570 Sunt
263 1531 303 1570 hi
337 1530 430 1571 casus
462 1531 646 1582 rariores,
681 1544 746 1571 nec
788 1532 949 1572 modum
1000 1531 1169 1573 Naturae
1219 1533 1444 1588 sequuntur,

136 1593 200 1633 etsi
235 1593 273 1632 in
309 1606 402 1633 mox
436 1595 548 1634 citato
580 1607 724 1647 opere,
755 1604 796 1635 vt
829 1594 958 1647 paffim
1010 1595 1112 1636 obuii
1163 1595 1445 1652 describuntur,

135 1666 206 1707 et,
240 1657 339 1710 quod
375 1659 494 1710 magis
528 1660 675 1710 miror,
720 1659 755 1697 in
791 1658 888 1698 binis
918 1658 1067 1699 diuerfis
1100 1658 1224 1713 figuris
1255 1660 1318 1701 soli
1351 1662 1444 1703 deli-

691 1721 723 1762 K
756 1722 781 1762 k
816 1735 841 1760 2⁴
1330 1738 1447 1767 nean-

286 1802 349 1850 (a)
376 1805 485 1839 hidae
516 1808 694 1840 hamum-um
729 1820 832 1851 1734.
860 1820 891 1842 et
914 1809 1020 1844 Celcb.
1048 1809 1284 1858 Douglaffiusin
1302 1813 1445 1863 descriptQ

140 1851 251 1884 muscul
289 1852 311 1889 §.
338 1865 364 1891 5.
393 1853 524 1897 [alh-itur
550 1853 652 1887 [tetius
678 1860 800 1890 tcndineo
825 1870 938 1892 carneus
967 1860 1166 1903 cartilaginibus
1204 1864 1335 1902 efflarunt
1350 1867 1447 1910 septi,

140 1913 200 1934 mae
218 1928 224 1940 ‚
245 1904 343 1944 sextae
361 1926 370 1942 ‚
388 1905 496 1946 quintae
511 1928 519 1944 ‚
545 1915 583 1948 pi·
596 1915 632 1948 pe
647 1916 675 1937 os
696 1908 822 1949 pct‘Jtiris.

287 1949 354 1996 (b)
383 1951 471 1993 Vbi,
513 1965 724 2000 praeterquam
764 1955 847 2003 quod
883 1957 912 1988 in
942 1956 1032 1990 latere
1060 1959 1170 1991 sinistro
1208 1963 1283 1994 costa
1322 1961 1445 2012 septima

142 1998 189 2032 sua
215 2001 385 2045 cartilagine
410 2015 436 2035 n«
453 2017 469 2036 n
505 2003 540 2035 ad
568 2005 692 2036 sternum
722 2008 897 2052 pertingit,
924 2008 952 2038 in
980 2007 1093 2039 dexzro
1123 2008 1216 2042 latere
1249 2014 1322 2044 costa
1362 2015 1447 2051 duo-

142 2048 255 2081 detima
281 2050 384 2090 d‘e‘cst,
411 2063 442 2085 et
469 2054 494 2085 iu
515 2054 614 2084 infima
643 2052 719 2085 dorfi
748 2054 887 2088 vertebra
912 2057 985 2088 sinus
1023 2055 1149 2090 lateralis
1175 2059 1210 2092 ad
1239 2061 1329 2095 costae
1359 2063 1447 2103 huiu5

140 2108 227 2143 caput
253 2099 455 2145 recipiendum
473 2102 684 2144 deficientur,
710 2113 800 2150 atque
827 2103 945 2148 insuper
975 2105 1113 2139 verttbra
1152 2107 1326 2144 lumborum
1343 2114 1379 2148 ab
1395 2119 1448 2151 in,-

139 2147 298 2181 fenoribus
326 2148 358 2181 sei
369 2151 445 2185 unda
473 2164 537 2185 cum
566 2153 652 2184 tertia
677 2153 714 2184 ita
742 2165 794 2198 per
818 2153 988 2200 anchylofin
1015 2159 1164 2191 concreuit
1207 2159 1235 2190 in
1263 2162 1386 2197 vnicum
1412 2179 1447 2201 os

142 2199 321 2232 continuum
339 2223 352 2241 ‚
377 2212 413 2235 vt
443 2201 482 2236 de
508 2200 659 2235 substantia
681 2203 1097 2252 cartilagineo-ligamemosa
1112 2228 1122 2248 ,
1150 2219 1226 2255 quae
1243 2211 1393 2255 peculiaris
1408 2215 1447 2250 fia
