1971 2700
510 233 600 278 328
857 227 943 272 DE
972 225 1188 272 BESTIIS
1219 225 1485 272 MARINIS.

627 341 779 384 Accidit
811 344 1005 398 aliquoties
1023 376 1033 394 ,
1066 352 1111 382 vt
1141 342 1315 383 animalia
1346 342 1438 383 haec
1473 342 1569 383 circa
1596 352 1821 396 promonto-

509 406 610 447 rium
643 406 867 447 Kronozkoi
903 408 987 448 Nos
1013 407 1159 447 dic‘tum
1180 419 1296 460 aeque
1315 420 1356 447 ac
1374 409 1469 446 circa
1488 406 1605 447 sinum
1626 406 1822 453 Awatsthssa

509 483 532 510 a
567 471 847 523 tempestatibus
878 481 1028 510 mortua
1046 470 1346 521 eliminarentur,
1372 481 1553 510 vocantur
1571 483 1589 510 a
1609 469 1823 514 Kamtl'cha·

510 533 601 572 dalis
643 533 695 572 ob
741 534 884 574 vic‘tum
921 532 980 574 sua
1022 534 1146 587 lingua
1189 534 1392 587 Kapustnik
1414 567 1425 585 ,
1463 529 1625 583 ,Rruut
1671 528 1824 594 &msa

511 608 623 648 quam
660 608 741 636 rem
775 598 934 638 demum
970 598 1054 651 post
1101 599 1262 638 reditum
1308 609 1436 649 ¹742·
1483 599 1659 653 cognoui.
1712 599 1827 655 Quod

510 660 672 713 denique
707 661 752 701 ad
789 662 893 702 vsum
929 663 1091 715 partium
1134 662 1241 702 huius
1291 663 1459 703 animalis
1515 664 1680 713 attinet,
1736 664 1827 704 cutis

511 723 624 763 crass'a
655 723 767 765 firma
800 738 843 766 ac
876 736 993 766 tenax
1019 727 1066 767 ab
1100 726 1333 766 Americanis
1362 728 1408 767 ad
1441 726 1551 766 loleas
1581 726 1792 767 calceorum
1814 761 1825 781 ‚

510 788 657 840 cingula
678 821 688 838 ,
709 791 891 841 prodente
927 790 1166 838 Hernandes‚
1209 789 1441 830 adhibentur.
1479 788 1622 830 Cutem
1657 790 1770 830 audio
1804 803 1826 832 a

511 850 770 892 Tschuktschis
812 855 857 894 ad
892 854 1015 894 lintres
1055 854 1221 894 adhiberi
1243 886 1253 904 ,
1295 856 1355 907 qui
1391 855 1546 894 candem
1601 854 1740 894 baculis
1772 853 1828 895 di-

511 913 678 956 stendere
713 927 750 956 et
783 917 920 956 eadem
955 919 1099 957 ratione
1134 917 1306 969 vlurpare
1348 916 1486 969 lolem,
1528 931 1568 958 ac
1603 918 1826 958 Koraeccica

510 989 604 1029 gens
652 981 753 1019 coria
797 980 1008 1033 phocarum
1042 982 1297 1021 maximarum
1339 979 1508 1022 Laclitak
1549 982 1750 1022 dictarum.

628 1043 824 1096 Pinguedo
857 1043 919 1083 sub
951 1046 1107 1084 cuticula
1140 1054 1178 1083 et
1211 1054 1293 1083 cute
1327 1053 1452 1084 totum
1483 1057 1620 1099 corpus
1659 1046 1829 1086 ambiens

511 1104 686 1156 palmum
707 1139 717 1156 ,
738 1108 775 1146 in
795 1107 973 1159 aliquibus
1006 1108 1097 1148 locis
1129 1107 1198 1146 vix
1218 1119 1298 1146 non
1317 1107 1542 1148 dodrantem
1562 1108 1672 1148 craffit
1685 1139 1696 1159 ,
1723 1109 1830 1162 glan-

511 1167 633 1207 duloia
653 1200 664 1219 ,
698 1169 921 1218 consistens,
955 1171 1142 1217 candida,
1176 1169 1240 1208 soli
1274 1183 1369 1210 vero
1401 1171 1569 1224 exposita
1604 1171 1726 1224 butyri
1746 1184 1832 1213 ma·

513 1230 591 1270 ialis
623 1231 733 1272 instar
767 1231 990 1284 flaucscens,
1025 1242 1067 1272 vt
1098 1231 1289 1286 gratiffimi
1323 1234 1449 1272 odoris
1467 1235 1515 1272 ita
1533 1246 1571 1273 et
1588 1233 1727 1286 fiiporis
1745 1235 1798 1275 est
1817 1266 1829 1288 ,

511 1305 599 1333 cum
633 1295 732 1334 nulla
763 1297 998 1336 marinorum
1033 1296 1254 1336 animalium
1299 1296 1523 1350 pinguedine
1574 1296 1797 1338 conserenda
1817 1329 1829 1350 ,

513 1358 602 1410 quin
638 1358 719 1398 imo
750 1358 1033 1411 quadrupedum
1073 1359 1176 1411 adipi
1216 1359 1330 1411 longe
1381 1360 1670 1411 anteponenda:
1723 1373 1830 1414 prae-

514 1430 683 1474 terquam
719 1422 823 1461 enim
845 1453 855 1472 ,
889 1423 987 1475 quod
1021 1421 1219 1462 diutiffime
1260 1423 1376 1461 etiam
1428 1421 1652 1461 calidiilimis
1699 1425 1830 1466 diebus

513 1483 718 1525 conseruari
753 1485 904 1538 potest,
938 1497 1009 1526 nec
1042 1496 1236 1526 rancorem
1258 1516 1270 1536 ‚
1304 1494 1368 1525 aut
1387 1484 1577 1525 foetorem
1597 1485 1718 1525 vllum
1737 1497 1832 1527 con-

513 1548 628 1588 trahit
647 1581 658 1600 ,
690 1549 850 1589 excocta
886 1550 932 1589 ita
964 1550 1079 1590 dulcis
1109 1559 1148 1589 et
1180 1547 1333 1602 sapida,
1366 1559 1409 1589 vt
1441 1560 1558 1589 omne
1589 1548 1711 1601 butyri
1738 1550 1832 1591 defi-

516 1611 663 1651 derium
697 1615 804 1652 nobis
835 1614 1029 1654 excusserit
1052 1645 1064 1666 ‚
1099 1612 1228 1666 sapore
1262 1611 1381 1653 ferme
1413 1613 1458 1653 ad
1493 1613 1620 1653 oleum
1649 1614 1831 1668 amygda-

514 1674 631 1715 larum
665 1676 826 1716 dulcium
861 1678 999 1717 accedit
1019 1710 1029 1728 ,
1064 1678 1271 1728 iisdemque
1307 1676 1426 1716 vsibus
1458 1677 1665 1728 omnibus,
1702 1678 1832 1730 quibus

517 1739 899 1790 butyrum,destinari
936 1741 1074 1794 potest:
1112 1741 1150 1780 in
1186 1740 1357 1793 lampaie
1390 1741 1488 1781 clare
1517 1742 1649 1793 absque
1669 1739 1774 1781 fumo
1792 1751 1831 1782 et

516 1802 667 1843 foetore
701 1806 815 1844 ardet.
881 1804 969 1845 Nec
1004 1805 1099 1845 forte
1132 1805 1207 1844 eins
1242 1803 1321 1844 vsus
1354 1805 1389 1844 in
1423 1805 1611 1845 medicina
1657 1814 1831 1862 contem--

515 1868 657 1906 nendus
689 1867 739 1907 est
760 1899 770 1915 ,
821 1869 963 1922 quippe
995 1869 1120 1909 aluum
1154 1868 1284 1909 leniter
1318 1867 1449 1918 iiiluit,
1503 1867 1644 1921 poculis
1693 1869 1831 1909 ebibita

516 1943 636 1983 neque
672 1931 874 1983 nauscam,
917 1945 1036 1987 neque
1079 1933 1265 1986 appetitus
1282 1932 1533 1972 deiectionem
1555 1941 1758 1983 procurat,
1791 1940 1831 1973 et

517 2003 560 2030 vt
593 2006 685 2045 puto
716 1996 904 2035 calculosis
939 1997 1083 2048 pluriS,
1119 2007 1229 2047 quam
1265 1995 1339 2034 ossa
1374 1995 1622 2033 masticatur-ia
1658 1998 1716 2035 (cu
1739 1996 1831 2050 lapi·

518 2055 580 2094 des
613 2057 658 2095 lic
693 2059 782 2096 dieti
820 2059 963 2098 Manati
1001 2059 1200 2111 prodesset.
1277 2057 1468 2108 Pinguedo
1517 2058 1653 2097 caudae
1704 2060 1828 2099 durior

516 2130 558 2158 ac
600 2120 854 2160 confistcntior
892 2123 1060 2174 adeoque
1109 2120 1216 2159 coc'ta
1270 2120 1469 2159 delicatior.
1562 2122 1669 2163 Caro
1721 2121 1822 2162 fibris

517 2185 806 2235 quodammodo
837 2184 1099 2224 robustioribus
1129 2195 1170 2223 ac
1204 2182 1429 2224 crailioribns
1446 2197 1486 2225 ac
1505 2185 1636 2227 bubula
1655 2186 1800 2226 constat
1819 2218 1829 2237 ,

1724 2249 1824 2288 rubi-
