1971 2700
108 195 386 262 anVlsrT.
419 195 488 242 [Ν
508 193 740 242 ιιΑΤιοΝ.
778 192 1190 254 ΡΗΑΕΝΟΜΕΝΙ,
1210 204 1281 239 cet.
1318 208 1400 249 1³⁵

113 355 115 359 ,
221 314 242 363 §
280 328 321 364 3.
355 312 433 354 Die
469 318 538 354 28.
559 309 671 362 Iulii,
705 322 772 364 per
804 318 925 350 totam
958 308 1061 351 diem
1092 311 1276 364 temperie
1315 310 1410 350 a'eris

105 389 185 418 non
218 378 407 431 superante
438 388 492 429 gr.
533 377 628 414 126.
661 373 822 414 Therm.
844 373 907 414 De
926 372 1031 415 l’Isle
1050 386 1167 428 neque
1193 374 1283 415 infra
1309 385 1409 413 120.

106 441 286 480 existente
307 473 317 491 ,
350 441 423 480 duo
453 437 533 478 vasti
564 439 603 478 A
635 447 672 476 et
704 436 738 476 B
772 438 888 478 viti-ea
909 470 920 489 ,
971 450 1062 490 aqua
1114 438 1272 492 impleta
1304 446 1342 477 et
1374 437 1411 477 in

104 504 246 544 bilance
265 503 497 556 aequilibrata
530 500 687 554 exposui
719 501 797 541 ae‘ri
828 503 952 555 quieto
985 500 1166 541 vmbroso
1190 501 1236 541 fic
1256 533 1267 553 ,
1300 509 1341 540 vt
1360 500 1411 540 su-

108 567 274 621 perficies
306 566 381 607 aeri
415 564 603 618 expositae
636 563 750 604 effent
782 565 820 604 in
854 566 991 605 eodem
1027 564 1138 617 plano
1172 563 1412 604 horizontali.

226 631 299 670 Vas
330 630 368 668 A
416 637 496 668 erat
544 627 793 679 cylindricum
845 640 900 678 et*
934 629 1113 668 diameter
1159 627 1314 668 luminis
1346 626 1412 667 ab

111 700 160 740 αξ
182 693 275 747 poll.
305 691 431 731 Lond.
464 690 623 731 altitudo
657 691 750 730 vasis
781 700 859 731 erat
891 692 998 730 vnius
1028 690 1117 742 poll.
1136 696 1184 735 Δ(-
1207 722 1218 742 ,
1241 688 1413 745 craffities

107 758 288 809 parietum
321 765 414 794 vero
444 764 570 807 quarta
602 766 687 807 pars
717 754 833 793 lineae
865 753 1024 793 circiter.

221 818 296 858 Vas
326 815 360 858 Β
391 818 477 858 coni
507 818 660 858 truncati
692 817 851 870 figuram
883 816 1066 856 referebat
1085 845 1096 863 ‚
1130 815 1316 856 diameter
1355 815 1415 856 lu-

107 883 219 923 minis
234 896 255 923 c
271 881 300 922 d
326 891 472 921 erat—
421 913 475 920 .-.
494 894 520 921 a
538 882 636 922 b
580 893 636 899 —
653 893 674 918 2
700 881 823 933 ¹poll.
857 879 980 920 Lond.
1000 878 1158 919 altitudo
1176 890 1267 919 vero
1287 878 1414 932 paulu·

105 945 185 986 lum
220 946 340 985 maior
372 957 486 998 quam
519 946 634 984 trium
668 943 847 997 pollicum
881 942 1203 983 Londinensium·
1244 942 1414 982 craffities

102 1010 281 1061 parietum
313 1018 422 1057 erat,
455 1017 496 1047 vt
528 1007 700 1047 crassities
728 1007 911 1058 parietum
944 1005 1105 1045 vafisA.
1171 1003 1310 1045 Baseos
1326 1006 1410 1045 dia-

106 1080 225 1110 meter
257 1071 323 1110 vix
356 1072 482 1120 quinta
514 1080 615 1123 parte
646 1070 763 1109 linere
796 1069 922 1109 minor
952 1078 1028 1108 erat
1045 1069 1231 1108 diametro
1248 1067 1412 1121 orificii,

105 1143 148 1173 vt
179 1133 292 1185 figura
323 1134 410 1172 coni
443 1135 596 1171 truncati
629 1144 649 1171 a
684 1131 798 1185 figura
828 1131 1027 1181 cylindrica
1059 1131 1129 1170 vix
1163 1131 1358 1170 recesserit.

217 1195 305 1234 Vafi
334 1195 373 1232 A
407 1194 523 1233 infudi
572 1202 716 1232 tantum
770 1205 884 1247 aquae
923 1202 965 1233 vt
1013 1193 1250 1233 altitudinem
1302 1193 1412 1234 vnius

101 1256 245 1310 pollicis
276 1256 314 1294 in
347 1254 429 1295 ‘vase
462 1256 691 1308 acquireret,
726 1256 799 1295 vasi
831 1254 866 1295 Β
899 1268 991 1296 vero
1023 1265 1245 1297 tantum‘vt
1283 1257 1408 1298 altitu-

102 1320 228 1359 dinem
263 1319 377 1358 trium
412 1318 590 1371 pollicum
628 1319 820 1358 obtineret.
888 1317 1107 1373 Superficies
1154 1317 1242 1360 hinc
1294 1333 1408 1375 aquae

101 1382 138 1421 in
169 1381 252 1421 vase
285 1380 318 1420 B
348 1391 425 1421 erat
457 1383 587 1422 minor
607 1412 617 1431 ‚
652 1395 763 1435 quam
797 1382 1003 1435 superficies
1031 1395 1144 1437 aquae
1177 1383 1217 1423 in
1237 1383 1375 1424 vaseA
1393 1415 1406 1434 ‚

103 1445 153 1485 ob
176 1444 251 1497 gh
314 1446 502 1485 minorem
537 1458 650 1498 quam
683 1437 750 1486 'cd
780 1445 924 1499 conseq.
965 1447 1157 1486 minorem
1192 1459 1305 1499 quam
1339 1459 1365 1487 a
1384 1445 1408 1487 b

102 1517 140 1546 et
171 1506 235 1560 ef.
302 1508 392 1548 Erat
424 1508 533 1548 simul
566 1507 772 1561 superficies
803 1521 918 1562 aquae
953 1509 990 1548 in
1024 1508 1107 1548 vase
1138 1507 1173 1548 B
1207 1510 1326 1562 magis
1343 1510 1408 1550 de-

103 1569 218 1622 press'a
238 1602 248 1620 ,
268 1571 306 1610 in
337 1571 421 1611 vase
454 1573 493 1612 A
530 1583 622 1610 vero
654 1573 776 1612 minus
792 1571 961 1625 depr-effa
981 1571 1070 1610 infra
1088 1571 1273 1612 orificium
1302 1572 1407 1614 vasis,

103 1632 374 1685 Euaporatione
406 1647 499 1675 vero
533 1634 648 1674 fiente
666 1667 677 1686 ,
711 1634 916 1687 superficies
945 1646 1058 1687 aquae
1092 1635 1129 1673 in
1150 1633 1233 1674 vase
1254 1632 1288 1674 B
1306 1635 1405 1675 sem-

102 1708 172 1748 per
203 1697 320 1736 minui
351 1698 506 1737 debebat
528 1729 539 1748 ‚
573 1700 612 1737 in
646 1698 726 1738 vase
757 1699 796 1738 A
830 1710 921 1737 vero
937 1698 1144 1737 constanter
1167 1698 1299 1738 eadem
1320 1710 1405 1738 ma-

103 1759 243 1798 nebat:
275 1769 312 1798 at
344 1760 585 1800 nihilominus
623 1761 715 1801 vasis
745 1774 813 1814 ,per
845 1761 1048 1801 duodecim
1102 1761 1212 1801 horas
1244 1763 1283 1800 in
1316 1763 1406 1802 ae’re

102 1821 301 1874 tranquillo
333 1821 497 1874 pendulis
518 1853 527 1870 ‚
563 1821 747 1863 obseruaui
797 1823 1008 1875 profundius
1039 1836 1101 1863 vas
1136 1824 1217 1876 plus
1266 1836 1404 1876 euapo-

99 1884 189 1924 riss‘e
221 1896 330 1943 ᾳιιιιιιι
367 1886 487 1924 minus
520 1884 755 1956 profundum
821 1885 900 1925 Die
935 1898 1006 1934 92.
1029 1896 1067 1925 et
1090 1897 1145 1932 30
1211 1886 1404 1927 continua-

101 1947 154 1986 uit
187 1947 426 1998 euapomtio,
459 1948 518 1986 die
556 1958 626 1993 31.
661 1949 723 1999 qui
755 1948 931 1988 humidus
977 1956 1052 1988 erat
1104 1949 1242 1989 nullam
1290 1948 1406 1989 lancis

100 2009 372 2049 inclinationem
403 2005 600 2050 obseruaui.
664 2011 980 2063 Experimentum
1017 2012 1138 2064 postea
1179 2013 1313 2065 fiaepius
1345 2025 1405 2052 re-

101 2074 190 2126 petii
226 2073 368 2125 semper
401 2085 486 2113 cum
518 2074 654 2114 eodem
687 2083 840 2114 euentu.
905 2073 1052 2115 Notaui
1092 2076 1244 2130 quidem
1287 2075 1404 2116 etiam

91 2147 275 2190 ⁴quantum
308 2136 440 2176 exuste
470 2136 629 2193 qualibet
662 2139 743 2178 vice
783 2141 998 2192 euaporatio
1038 2150 1089 2180 ex
1122 2138 1204 2180 vale
1253 2138 1405 2194 profun-

1307 2201 1407 2244 diori

1463 321 1534 353 Τὼ.
1556 321 1594 354 V.

1471 363 1522 400 fig.
1548 372 1576 395 1.
