1971 2700
524 184 615 232 196
712 177 795 221 m:
823 167 1229 223 BAROMETRo,
1261 160 1433 214 (νινε
1466 168 1652 220 scam

516 297 618 337 cuius
645 288 833 349 capacitas
864 294 907 335 fit
938 291 1084 334 circiter
1118 279 1293 330 288¹'ffi.
1363 283 1564 340 Campana
1604 288 1685 331 talis
1721 290 1841 334 vitrea

515 360 613 401 bene
646 359 838 400 lithocolla
869 370 958 398 cum
991 354 1163 407 cylindro
1196 351 1315 393 ferreo
1344 351 1622 407 coniungatur,
1656 353 1700 395 vt
1730 357 1840 398 omni

515 425 595 466 ac‘ri
630 435 792 464 extcmo
824 423 948 462 aditus
977 420 1200 472 denegetur.

639 485 710 541 10)
743 485 960 526 Infimdatur
993 495 1087 537 aqua
1121 484 1160 524 in
1192 493 1258 522 vas
1290 480 1332 524 N
1351 481 1503 538 OPQ
1526 491 1574 522 vt
1605 491 1706 525 totus
1723 496 1841 540 appa.

514 561 612 594 ratus
644 561 788 606 praeter
818 559 1034 604 aperturam
1067 547 1146 588 tubi
1179 545 1382 602 gracilioris
1414 560 1439 588 a
1457 548 1480 589 b
1513 547 1606 588 tubo
1645 549 1684 589 A
1702 546 1737 590 B
1767 551 1843 591 im-

517 615 697 656 minentis
730 613 930 656 submersus
961 612 1006 654 sit

641 678 710 735 11)
746 679 916 722 Notctur
964 678 1250 719 thermometro
1300 677 1337 720 R
1374 674 1400 717 S
1435 676 1643 731 temperies
1693 689 1845 731 aquae,

515 754 562 786 vt
595 745 641 786 ad
674 757 761 785 eam
796 744 958 798 qualibet
991 741 1253 784 obseruatione
1289 741 1469 784 affusionc
1503 742 1653 795 frigidae
1686 742 1754 782 vel
1782 754 1845 784 ca-

515 809 615 851 lidae
647 808 772 850 reduci
807 807 917 862 poffit
949 820 1056 862 aqua.

640 880 713 926 15)
749 871 963 913 Infundatur
995 873 1034 911 in
1069 872 1282 924 cylindrum
1317 869 1411 911 AB
1444 880 1640 923 argentum
1682 872 1847 926 viuum,

513 938 640 979 donec
673 937 913 990 apparentia
946 936 1154 988 recipiente
1182 934 1265 975 vase
1298 933 1341 975 D
1361 934 1397 975 E
1416 935 1452 975 E
1472 934 1520 974 E.
1564 935 1845 977 lixaminentur

514 1001 627 1044 fimul
667 1001 827 1041 altitudo
869 1000 915 1040 ad
946 1011 1062 1053 quam
1115 999 1154 1037 in
1187 999 1282 1038 tubo
1315 998 1354 1037 A
1376 996 1410 1037 B
1446 1000 1654 1039 mercurius
1704 1000 1847 1053 stagnat

513 1065 844 1119 pemllelepipedo
863 1065 902 1104 in
920 1061 1147 1104 horizonmli
1167 1061 1234 1102 fitu
1256 1071 1420 1102 retento.
1488 1061 1526 1101 Si
1546 1061 1706 1102 altitudo
1724 1062 1846 1105 Baro-

515 1130 631 1169 metri
659 1130 812 1169 mediae
831 1129 1040 1182 propinqua
1058 1126 1232 1177 obtinet,
1248 1124 1379 1165 sufficit
1397 1124 1424 1165 s1
1442 1126 1601 1166 altitudo
1620 1127 1656 1166 iu
1677 1127 1849 1178 cylindro

516 1192 556 1234 Α
576 1191 611 1233 Β
644 1191 750 1245 supra
783 1190 1019 1245 superficiem
1054 1189 1232 1228 mercurii
1268 1189 1306 1227 in
1333 1188 1559 1238 cylindroE
1582 1188 1618 1228 E
1651 1191 1702 1230 cst
1732 1192 1846 1232 trium

516 1257 727 1311 digitorum
760 1266 799 1296 et
832 1256 870 1295 in
903 1253 1077 1305 cylindro
1110 1250 1203 1292 EE
1237 1261 1312 1290 non
1331 1250 1465 1290 minor
1497 1263 1566 1290 vna
1606 1262 1645 1291 ct
1686 1253 1849 1296 dimidia

516 1321 631 1372 lium,
664 1320 690 1360 sr
725 1321 896 1360 minores
928 1316 1142 1358 altitudines
1174 1313 1505 1368 deprehenduntur
1543 1315 1752 1356 affundatur
1782 1318 1849 1359 ad-

515 1383 592 1426 huc
623 1383 766 1436 aliquid
799 1381 990 1423 mercurii.

640 1446 712 1503 16)
746 1446 961 1501 Inquiratur
991 1446 1030 1486 in
1064 1443 1301 1500 potentiam,
1337 1454 1430 1496 quae
1463 1442 1665 1497 requiritur
1690 1445 1735 1486 ad
1778 1459 1846 1501 pa-

517 1511 827 1567 rallelepipedum
862 1522 954 1552 cum
988 1507 1072 1550 vase
1106 1508 1198 1551 EE
1218 1508 1254 1549 E
1295 1517 1336 1548 et
1377 1508 1472 1547 tubo
1514 1505 1548 1547 C
1569 1506 1612 1548 D
1653 1509 1848 1563 adplicato

515 1587 554 1617 et
591 1577 814 1628 mercurio,
846 1587 962 1630 quem
1002 1574 1110 1614 tubus
1151 1584 1243 1613 cum
1285 1569 1372 1611 vase
1403 1571 1439 1611 E
1458 1569 1494 1611 E
1542 1573 1712 1613 continet
1731 1606 1742 1625 ,
1794 1586 1847 1616 ex

513 1639 661 1695 puncto
694 1637 761 1691 G,
796 1652 889 1694 quae
922 1638 1030 1680 distet
1062 1638 1084 1678 ὰ
1116 1637 1138 1678 k
1170 1648 1246 1676 vna
1287 1636 1415 1689 quinta
1445 1644 1552 1690 parte
1589 1637 1705 1678 lineae
1736 1637 1848 1694 RD,

514 1706 554 1746 in
585 1717 678 1758 aqua
712 1703 991 1745 sustentandum
1026 1703 1065 1743 in
1096 1699 1327 1742 horizontali
1364 1699 1445 1741 litu,

638 1766 708 1823 17)
744 1781 870 1822 prope
889 1765 928 1810 G
950 1767 1127 1807 firmetur
1143 1778 1210 1806 vas
1235 1777 1373 1807 cauum
1400 1764 1650 1817 cylindricum
1677 1768 1844 1810 metalli-

514 1845 607 1874 cum
626 1833 863 1888 vndiquaque
881 1830 1043 1873 clausum
1063 1829 1125 1870 W
1142 1830 1188 1871 ad
1207 1829 1371 1871 firlcrum
1392 1838 1445 1871 tx
1463 1826 1503 1871 G
1521 1826 1618 1886 :cum
1647 1832 1842 1885 parallele-

514 1898 657 1952 pipedo
674 1897 704 1938 F
717 1896 754 1937 H
773 1896 1021 1938 coniunctum
1041 1907 1118 1949 ope
1132 1894 1389 1937 cochlearum.
1426 1893 1613 1946 Exsurgit
1630 1906 1680 1934 cx
1702 1905 1840 1937 centro

514 1961 607 2002 vasis
625 1961 686 2001 W
706 1962 785 2002 axis
805 1961 1004 2012 chalybeus
1020 1961 1076 2011 ii,
1094 1960 1195 2000 cuius
1211 1959 1399 2000 diameter
1416 1956 1457 1997 fit
1475 1956 1583 1997 vnius
1600 1957 1731 1999 lineae.
1761 1957 1839 2002 Ca·

517 2026 656 2078 pacitas
688 2024 858 2065 vasusW
887 2024 1044 2066 sittanta
1068 2054 1079 2072 ,
1113 2032 1157 2061 vt
1174 2022 1346 2075 potentia
1378 2020 1470 2061 illud
1503 2020 1548 2061 ad
1584 2021 1742 2063 flilcrum
1775 2031 1840 2066 tx

517 2087 835 2144 pamllclepipedo
871 2087 901 2127 F
921 2087 958 2127 H
994 2088 1032 2126 in
1063 2084 1290 2125 horizontali
1324 2085 1390 2127 situ
1425 2093 1576 2125 retento
1595 2086 1844 2143 submergens

521 2151 564 2195 fit
596 2151 753 2206 aequalis
794 2148 962 2192 fiammae
995 2161 1045 2192 ex
1078 2150 1244 2205 potentia
1265 2181 1276 2200 ,
1329 2159 1423 2203 quae
1471 2149 1839 2208 parallelepipcdum

1747 2228 1841 2258 cum
