1971 2700
732 206 893 269 (¹7)

160 330 316 374 vatione
347 328 426 387 poli
460 321 685 370 et'rliombo
718 327 887 370 formare
918 328 1071 384 possint.
1136 327 1222 371 Post
1255 330 1377 373 varias
1404 329 1471 374 dei

160 410 270 438 mum
304 394 568 439 meditationes
601 393 732 434 incidit
763 395 802 434 in
834 395 995 435 modum
1029 396 1223 449 quendam
1243 428 1254 448 ,
1288 409 1340 435 ex
1359 396 1469 436 theo-

159 462 214 501 ria
251 458 458 514 grauitatis.
479 468 685 510 corporum
727 458 894 511 petitum
913 491 923 510 ,
973 459 1020 499 de
1060 470 1137 512 quo
1175 471 1253 499 non
1296 460 1439 501 dubitat
1457 492 1469 512 ,

160 536 251 565 eum
297 523 385 564 huic
426 521 627 561 intentioni
670 519 776 575 pofl‘e
817 521 1032 563 satisfacere.
1099 523 1294 579 Quoniam
1329 524 1470 564 scilicet

158 588 285 629 nostro
315 595 492 639 tempore
510 596 577 638 per
608 586 776 626 indubias
805 586 970 625 rationes
1000 595 1038 625 et
1054 587 1331 627 obseruationes
1355 600 1470 628 com-

155 659 308 706 pertum
349 649 532 689 habemus
550 682 560 700 ,
591 650 814 702 grauitatem
849 661 1057 702 corporum
1101 652 1141 691 in
1172 651 1319 692 diuersis
1351 661 1470 692 terrae

154 714 248 755 locis
287 724 366 753 non
407 712 584 753 eamdem
616 712 702 764 effe,
734 712 792 752 secl
826 713 1039 753 recedendo
1071 714 1117 752 ab
1151 724 1350 766 aequatore
1382 728 1470 756 ver-

108 805 110 807 r
154 779 210 819 sus
241 778 351 832 polos
386 778 425 817 in
462 776 648 817 constanti
689 777 854 830 quadam
895 776 1151 830 proportione
1195 777 1354 817 crescere
1373 809 1383 828 ,
1418 780 1471 817 fa-

153 841 221 884 cile
252 850 385 896 patet,
418 841 444 882 fi
477 841 586 881 nobis
616 841 662 881 de
695 840 766 880 isto
799 842 1037 881 incremento
1078 853 1147 893 per
1164 840 1471 880 obseruationem

134 906 376 957 constiterit,
409 904 616 945 distantiam
651 904 724 944 loci
757 904 804 944 ab
836 914 1038 958 aequatore
1077 904 1164 944 inde
1199 904 1322 944 statim
1356 903 1469 943 habe-

151 968 197 1008 ri.
264 967 449 1010 Consueta
481 968 627 1008 bilance
667 980 763 1008 vero
794 968 842 1008 ad
876 968 950 1009 hoc
984 969 1267 1009 incrementum
1303 968 1474 1007 indican-

154 1032 246 1072 dum
298 1033 409 1085 plane
450 1045 527 1071 non
575 1032 859 1082 conueniente,
902 1032 1035 1071 auctor
1077 1031 1248 1072 describit
1298 1031 1472 1071 stateram

153 1096 339 1148 quandam
359 1127 369 1145 ‚
413 1106 503 1145 quae
534 1107 612 1145 ope
644 1094 789 1132 elateris
819 1094 967 1145 pondus
997 1106 1217 1146 corporum,
1253 1104 1297 1134 vt
1329 1104 1367 1134 et
1396 1095 1474 1134 eius

149 1158 426 1196 incrementum
476 1154 539 1194 vel
581 1156 872 1195 decrementum
915 1156 978 1195 sub
1010 1157 1160 1196 diuersis
1191 1157 1236 1197 ab
1270 1167 1474 1211 aequatore

115 1214 118 1218 ”
152 1218 329 1259 distantiis
370 1217 641 1259 accuratissime
684 1220 846 1258 indicare
886 1220 1000 1260 valet.
1068 1218 1169 1260 Cum
1213 1221 1316 1262 enim
1350 1221 1476 1262 frictio

150 1281 189 1322 in
225 1282 363 1322 stateris
396 1281 530 1336 absque
565 1283 734 1336 singulari
775 1283 904 1322 labore
939 1285 977 1323 in
997 1293 1144 1324 tantum
1180 1286 1357 1326 imminui
1389 1285 1475 1339 pos-

152 1347 224 1398 sit,
257 1355 298 1386 vt
336 1345 541 1399 sesquilibra
581 1347 730 1387 circiter
760 1347 913 1387 onustae
947 1347 1222 1389 differentiame
1256 1349 1365 1389 Vnius
1390 1361 1476 1403 gra-

150 1411 190 1450 ni
223 1410 437 1450 sensibiliter
473 1410 550 1449 stitis
595 1422 726 1451 notare
762 1411 929 1465 possint,
973 1411 1146 1452 stateram
1180 1413 1231 1454 ita
1265 1413 1472 1465 disposuit,

149 1483 194 1513 vt
227 1475 265 1513 in
298 1487 340 1514 ea
389 1473 599 1514 differentia
648 1476 754 1516 Vnius
792 1475 897 1528 grani
938 1477 1057 1515 etiam
1094 1476 1330 1516 differentiae
1365 1476 1473 1515 vuius

148 1538 283 1590 gradus
331 1536 539 1578 latitudinis
588 1538 736 1578 circiter
785 1539 1007 1592 respondeat
1039 1571 1050 1590 ‚
1107 1539 1133 1579 si
1175 1552 1217 1578 ea
1267 1538 1473 1592 sesquilibra

149 1599 259 1641 fuerit
301 1601 441 1641 onusta.
510 1601 685 1642 Ostendit
726 1612 948 1655 praeterea,
997 1602 1127 1656 quibus
1191 1602 1316 1643 modis
1346 1602 1474 1642 frictio

152 1665 271 1718 magis
308 1664 427 1705 adhuc
469 1665 581 1719 possit
623 1666 832 1717 imminui,
868 1676 911 1707 vt
941 1665 1050 1706 huius
1082 1666 1215 1719 gradus
1256 1666 1372 1706 etiarn
1407 1666 1473 1706 ali-

149 1739 240 1780 quot
287 1727 548 1770 subdiuisiones
593 1729 719 1769 haberi
767 1729 939 1783 possint,
991 1740 1036 1770 vt
1088 1731 1183 1770 adeo
1224 1730 1294 1769 vix
1336 1731 1473 1770 vitium

151 1792 316 1842 quinque
359 1793 577 1833 milliarium
633 1795 670 1833 in
714 1793 946 1833 diiudicanda
989 1793 1186 1834 latitudine
1226 1795 1474 1834 committere

151 1852 282 1903 liceat,
318 1854 355 1893 id
390 1856 492 1906 quod
526 1868 598 1907 pro
631 1858 747 1908 scopo
781 1866 978 1896 nautarum
1023 1856 1185 1907 sufficit,
1217 1857 1476 1896 instrumentis

150 1917 252 1956 enim
296 1916 362 1956 suis
405 1918 524 1956 etiam
567 1919 605 1956 in
639 1919 895 1958 obseruatione
930 1919 1183 1959 astronomica
1228 1919 1301 1958 tale
1333 1919 1474 1960 vitium

150 1981 290 2021 euitare
332 1989 534 2033 nequeunt.
602 1980 814 2020 Adhibebit
864 1993 1013 2034 quoque
1065 1982 1162 2022 hanc
1210 1983 1475 2024 inuentionem

151 2044 378 2084 combinatis
430 2045 508 2085 aliis
555 2043 664 2085 simul
708 2044 865 2084 subsidiis
907 2045 952 2084 ad
987 2057 1131 2085 nouum
1166 2047 1326 2087 modum
1362 2059 1477 2087 mon-

153 2107 372 2158 strandum⁷
412 2120 488 2160 quo
533 2107 737 2161 longitudo
784 2109 899 2148 maris
942 2109 1073 2163 absque
1106 2109 1182 2149 vlla
1217 2110 1480 2151 obseruatione

152 2171 404 2211 astronomica
437 2172 483 2211 ad
518 2173 676 2225 quoduis
721 2181 999 2224 momentum,
1043 2173 1204 2225 tutiori,
1242 2187 1360 2227 quam
1411 2174 1477 2213 ha-

150 2234 279 2281 &enus
319 2234 425 2275 licuit
445 2271 455 2288 ,
498 2237 647 2291 modo,
680 2238 833 2292 reperiri
865 2236 988 2292 possit.

746 2313 767 2339 c
1417 2296 1465 2338 C.
