1971 2700
293 172 670 238 VARIATIONIS
693 185 914 234 AVGERI
944 174 1175 233 Pom-ST.
1315 195 1423 244 ι»

97 306 306 349 Destruitur
339 306 487 362 quidem
519 302 618 344 dieta
651 302 823 356 potentia
854 314 877 343 a
910 302 1079 359 pondere
1097 303 1270 345 mercurii
1297 303 1408 348 simul

96 370 265 411 deorsum
299 371 385 412 lato.
450 367 559 410 Dum
593 378 687 407 vero
717 364 856 421 ffiepius
895 368 1067 409 mercurii
1117 368 1267 422 pondus
1313 368 1409 410 hanc

94 433 307 487 potentiim
358 433 541 487 infigniter
591 429 735 484 superet
783 429 945 473 afflictus
995 444 1018 473 a
1065 433 1250 474 contraria
1299 441 1411 489 parte

97 500 227 538 oritur.

213 560 255 616 3)
288 559 327 602 Si
359 572 424 600 vas
453 557 515 600 W
550 557 722 600 deorsilm
755 562 913 614 vrget'ur
944 560 1086 615 pariter
1102 561 1276 616 potentia
1294 572 1317 602 a
1335 571 1410 616 qua

92 624 252 665 affrietus
282 624 421 679 pendet
452 622 505 663 est
535 625 581 663 ad
633 625 847 677 potentiam
881 638 951 679 qua
984 637 1048 669 vas
1089 626 1260 667 deorsum
1294 636 1408 680 vrge

92 698 151 728 tur
184 701 241 738 4‘·
266 700 285 738 5
311 702 324 743 ·,
356 688 395 728 in
428 686 501 726 hoc
536 698 629 726 vero
659 685 741 728 casu
774 687 882 729 fimul
914 688 1084 728 mercurii
1119 690 1267 742 pondus
1292 691 1417 730 deor-⁷

90 750 169 792 sum
202 753 341 806 premit
370 761 408 791 et
440 751 654 804 potentiam
687 763 708 791 a
738 762 809 804 qua
837 749 1001 792 affric'tus
1042 753 1185 805 pendet
1215 751 1406 804 infigniter

89 812 228 868 saepius
267 823 388 870 auget.
461 815 547 872 Qua
582 814 724 854 ratione
759 813 817 855 his
854 813 1047 856 obstaculis
1086 813 1298 855 commode
1336 813 1406 854 ob-

90 879 191 918 viam
223 889 326 919 eatur
355 877 416 919 vel
449 877 574 919 frictio
606 887 795 919 mmuatut
826 879 912 934 post
946 877 1197 933 experientias
1226 872 1411 932 quasdam·

93 941 192 994 prius
223 942 396 983 institutas
427 941 522 983 forte
553 941 813 982 edocebimur.

201 1009 249 1056 4)
282 1005 394 1046 Loco
424 1005 520 1046 vafis
548 1004 610 1044 W
643 1004 767 1057 potest
802 1002 899 1045 funis
944 1016 1034 1045 cum
1084 1002 1405 1059 parallelepipedo

86 1078 280 1108 connexus
310 1077 349 1108 et
381 1067 478 1108 circa
511 1066 696 1107 trochleas
726 1066 857 1108 duetus
887 1077 932 1108 vt
963 1066 1031 1121 fig.
1070 1075 1112 1115 7.
1154 1066 1401 1121 repraesenta-

88 1138 168 1171 tum
189 1162 201 1180 ‚
235 1143 288 1171 ex
318 1132 416 1170 cuius
446 1131 559 1170 altera
590 1131 833 1169 extremitate
862 1130 952 1170 lanx
984 1127 1023 1169 G
1057 1129 1223 1182 pendeat
1253 1130 1401 1170 adhibe-

82 1193 126 1232 ri.
193 1192 419 1232 Ponderibus
447 1191 542 1230 lanei
574 1191 760 1242 impofitis
790 1192 916 1244 potest
966 1191 1328 1246 parallelepipedum
1360 1193 1404 1234 in

81 1253 188 1293 fitum
241 1251 519 1293 horizontalem
563 1251 698 1294 eleuari
740 1261 784 1293 et
813 1253 841 1295 fi
873 1254 956 1309 plus
986 1253 1083 1296 iusto
1129 1255 1318 1296 eleuatum
1349 1256 1403 1299 est

78 1316 202 1368 potest
235 1315 467 1370 ponderibus
495 1315 625 1358 ablatis
656 1317 799 1358 iterum
833 1318 874 1359 in
906 1318 1017 1361 fitum
1044 1318 1321 1360 horizontalem
1339 1331 1401 1360 re-

78 1379 175 1420 duci.
241 1380 406 1420 Pondera
438 1390 533 1420 vero
563 1379 700 1421 haecce
733 1380 949 1423 indicabunt
981 1382 1180 1424 volumina
1223 1383 1399 1424 mercurii

80 1453 128 1481 ex
158 1442 239 1483 vase
273 1443 421 1486 EEE
452 1443 492 1483 in
524 1443 618 1484 AB
660 1445 866 1486 recedentis
895 1454 935 1486 et
967 1457 1016 1487 ex
1049 1444 1142 1486 AB
1175 1446 1215 1487 in
1248 1445 1395 1487 EEE

80 1503 256 1560 fluentis;
287 1519 337 1548 ex
367 1507 500 1561 quibus
526 1507 736 1549 altitudines
765 1508 1039 1551 barometricae
1084 1508 1228 1551 definiri
1275 1517 1391 1563 pote-

80 1576 166 1608 runt
195 1568 265 1610 sec.
299 1571 333 1620 §.
372 1574 442 1612 16.

194 1662 228 1711 §.
255 1670 323 1707 18.
357 1663 399 1706 Si
430 1665 602 1708 machina
622 1699 636 1719 ,
667 1678 760 1721 quae
792 1667 827 1718 ξ.
866 1678 940 1718 15.
974 1667 1154 1723 descripta
1186 1668 1268 1723 est,
1288 1677 1398 1710 vten·

80 1725 171 1828 gum
203 1724 245 1781 ι)
277 1728 410 1769 fimdus
437 1729 533 1771 vafis
563 1730 604 1772 N
623 1731 663 1772 Ο
681 1731 710 1772 Ρ
726 1732 777 1789 Q
799 1732 839 1774 in
871 1732 984 1775 situm
1015 1731 1297 1775 horizontalem
1332 1744 1397 1773 xe-

108 1799 242 1830 ucatur.

197 1859 242 1903 2)
273 1853 502 1895 Affundatur
531 1867 622 1910 aqua
641 1887 653 1908 ,
685 1865 731 1898 vt
760 1867 955 1911 apparatus
986 1866 1146 1913 tegatur.

195 1920 243 1968 3)
278 1916 499 1958 perducatur
529 1932 621 1974 aqua
652 1921 699 1962 ad
734 1921 970 1974 primitiuam
1005 1923 1254 1976 temperiem.

82 2041 139 2095 (ς.
170 1979 240 2093 1⁴54(
257 1982 434 2099 npoxnge?
443 1981 588 2087 ‹12ng
595 1982 691 2086 ‘vasss
727 1983 790 2026 W
821 1996 866 2026 ea
897 1986 1140 2040 imponantut
1186 1987 1234 2027 de
1264 1985 1393 2041 quibus

1242 2213 1288 2262 5)
1321 2207 1386 2248 Pa-
