1971 2700
439 170 524 216 DE
556 167 778 214 BESTIIS
811 167 1085 216 MARINIS.
1352 184 1438 224 371

117 285 277 340 Mopffis.
350 283 506 326 Maxilla
555 282 720 337 superior
768 282 937 323 inferiori
976 288 990 330 ξ
1022 282 1133 323 vncia
1175 280 1323 338 longior
1355 293 1393 325 et
1424 292 1443 336 -ξ,

117 351 257 405 pollicis
287 350 405 390 latior.
440 348 556 388 Labia
591 346 849 387 tumidiuscula
870 356 943 398 ,vt
975 347 1014 387 in
1049 345 1187 399 phoca,

235 412 434 454 Maxillam
468 411 696 465 superiorem
733 411 882 461 mystax
917 419 960 450 vt
991 410 1168 450 omnium
1218 409 1438 464 amphibio-

117 490 201 518 rum
236 477 475 517 marinorum
509 484 646 514 ornat:
681 474 776 513 setae
806 474 979 525 mystacis
1019 473 1194 514 deorsum
1243 475 1439 526 pendent,

118 539 237 581 versus
270 552 369 579 nares
401 539 526 579 sensim
563 538 746 577 breuiores
765 539 926 578 euadunt
945 570 954 589 ‚
973 537 1153 577 candidae
1175 537 1439 591 ,longissimae

121 601 699 655 triuncialesfiint‚breuiffimae
735 603 888 641 vnciam
920 612 1038 641 vnam
1071 609 1243 655 aequant.

228 667 361 707 Rictus
391 679 467 706 non
498 665 592 705 adeo
627 677 782 717 mugnus
803 696 815 714 ,
851 664 950 705 oculi
982 677 1069 704 cum
1092 664 1282 718 palpebris
1326 664 1435 718 lepo-

118 731 206 770 rinis
235 743 308 770 non
352 731 513 770 maiores
535 760 544 778 ,
585 728 729 767 naribus
761 728 796 766 in
831 727 950 767 fronte
1000 727 1151 767 altiores
1171 758 1181 776 ‚
1237 728 1437 768 oculorum

116 793 241 834 canthi
278 793 471 846 minores,
505 791 610 831 freno
644 791 719 831 oris
751 791 790 830 in
826 788 1096 843 perpendiculo
1130 790 1313 859 contigui.
1364 790 1437 830 -Iris

114 857 306 897 oculorum
338 857 458 898 modo
490 855 614 907 fusca,
648 854 768 895 modo
801 853 1021 897 auellanea‚
1072 853 1112 892 in
1144 852 1283 893 maiori
1335 853 1437 895 oculi

116 919 255 960 cantho
285 921 502 974 panniculus
533 916 729 969 carnosus,
764 926 808 958 vt
840 918 881 957 in
900 916 1073 967 manati,
1097 916 1215 965 vrso,
1235 916 1329 956 lutra
1347 916 1437 957 dul-

115 984 216 1024 cium
252 996 459 1037 aquarum,
493 981 619 1036 phoca
651 990 689 1020 et
720 981 898 1031 noctuis,
939 979 986 1019 ad
1018 991 1135 1019 vnam
1157 980 1304 1019 tertiam
1339 978 1434 1019 lem-

113 1058 216 1099 per,
249 1047 426 1100 exigente
458 1058 554 1086 vero
586 1043 794 1085 necestitate
828 1042 923 1084 vltra
953 1042 1157 1084 dimidium
1208 1041 1339 1116 oculos
1374 1051 1432 1083 te·

114 1109 200 1163 git,
233 1110 374 1163 pupilla
408 1109 511 1163 nigra
541 1108 605 1149 cst.

227 1172 427 1211 Auriculae
456 1170 626 1224 pilosae,
657 1168 816 1210 arrectae
834 1199 846 1221 ,
877 1167 1032 1209 conicae
1046 1198 1058 1220 ,
1103 1174 1144 1210 vt
1177 1167 1217 1209 in
1248 1167 1358 1212 leone
1389 1176 1430 1211 et

112 1233 195 1275 vrso
227 1234 387 1273 marino.

225 1294 373 1335 Dentes
405 1292 518 1335 habet
552 1294 592 1335 in
625 1294 778 1337 maxilla
812 1294 993 1349 superiori
1011 1293 1072 1335 sub
1090 1295 1234 1336 naribus

107 1357 306 1411 incisores,
340 1359 507 1400 minutos
538 1368 668 1399 acutos
701 1368 739 1399 et
770 1360 997 1400 acuminatos
1038 1358 1237 1399 arestiffime

109 1420 258 1475 stipatos
290 1435 331 1462 2.
369 1423 479 1463 lineas
509 1422 641 1475 longos
721 1443 1227 1455 -------
1295 1422 1360 1475 46

108 1482 180 1524 hos
207 1486 399 1540 excipiunt
415 1486 539 1526 canini
564 1485 661 1526 acuti
693 1487 816 1528 conici
854 1498 892 1528 1.
926 1484 1078 1526 vnciam
1128 1485 1237 1539 longi

109 1546 300 1590 introrsum
320 1549 504 1604 paululum
522 1550 665 1591 curuati
697 1550 773 1592 duo
793 1582 804 1604 ‚
835 1550 972 1591 scilicet
1005 1549 1044 1589 in
1077 1556 1240 1603 Vtroque

109 1607 220 1650 latere
236 1624 327 1653 vnus
399 1635 1228 1648 ...........
1328 1622 1355 1651 2

223 1674 392 1716 Molares
442 1677 571 1717 dentes
622 1677 770 1718 obtinet
810 1681 833 1719 8
857 1708 868 1728 ,
926 1675 965 1716 in
1000 1675 1236 1729 'quibusdam
1300 1688 1358 1720 10

111 1736 149 1776 in
168 1739 295 1789 quouis
311 1739 444 1779 scilicet
461 1741 570 1781 latere
590 1754 642 1792 4,
660 1742 737 1782 duo
755 1741 900 1794 priores
917 1741 1015 1780 inter
1043 1739 1217 1781 incisores

111 1808 148 1839 et
166 1800 326 1841 molares
344 1802 472 1841 dentes
491 1803 612 1842 forma
628 1804 845 1856 ambigunt,
864 1804 1007 1856 primus
1022 1803 1126 1842 enim
1145 1814 1234 1856 per·

111 1861 256 1914 pusillus
272 1873 309 1903 et
339 1864 458 1904 breuis
491 1865 544 1905 est
562 1897 572 1917 ,
592 1866 660 1906 vix
684 1865 818 1906 lineam
838 1878 956 1906 vnam
975 1865 1127 1918 longus,
1146 1878 1235 1906 acu-

110 1935 165 1964 tus
184 1958 194 1977 ,
225 1928 282 1966 cui
315 1926 470 1967 succedit
503 1928 592 1968 alter
608 1929 769 1982 decuplo
789 1929 898 1969 latior
917 1961 927 1981 ‚
959 1937 997 1968 ct
1015 1929 1133 1981 triplo
1151 1929 1231 1968 lon-

109 1989 193 2042 gior
210 2021 221 2041 ‚
253 1990 380 2044 reliqui
412 1991 487 2031 duo
521 1991 682 2031 molares
713 1992 931 2046 amplissimi
960 1991 1039 2031 sunt
1059 2024 1068 2043 ,
1088 1992 1231 2032 horum

110 2063 247 2093 corona
284 2064 322 2102 5.
358 2054 468 2095 lineas
485 2053 598 2108 longa
617 2087 628 2107 ,
645 2064 683 2094 et
715 2069 759 2106 4.
795 2056 864 2096 lata
881 2056 955 2106 est,
975 2054 1085 2095 firma
1103 2087 1114 2106 ‚
1134 2066 1226 2095 con-

107 2113 304 2171 fringendis
333 2118 535 2162 durioribus
564 2118 772 2174 conchyliis
801 2118 999 2175 aptiffima.

854 2217 1016 2259 Summa
1061 2218 1230 2257 dentium
1296 2219 1352 2255 16

667 2278 708 2322 A
743 2290 763 2321 a
796 2290 818 2319 a
855 2294 882 2320 2
1258 2278 1417 2321 Maxilla
