1971 2700
534 195 617 234 192
724 177 810 225 DE
843 172 1212 225 BAROMETRO
1232 212 1242 232 ,
1275 171 1444 219 CVU''S
1475 173 1661 222 SCALA

531 305 571 336 tu
617 296 815 336 mixtionis
863 296 958 336 ae'ris
1006 308 1094 336 cum
1149 295 1370 348 mercuri03
1419 304 1489 347 qua
1538 292 1684 333 ratione
1730 294 1848 335 etiam

532 359 675 400 firic‘tio
717 371 865 400 tantum
911 371 988 400 uon
1039 359 1172 399 ceffiire
1204 360 1353 400 videtur
1373 389 1384 409 ‚
1419 370 1478 398 cui
1530 358 1633 411 prior
1674 358 1851 400 machina

529 425 700 465 obnoxia
732 432 824 463 erat.
908 423 1030 463 Potest
1062 423 1182 462 etiam
1216 423 1394 464 machina
1427 421 1520 461 haec
1552 420 1764 461 commode
1800 434 1853 464 ex

531 500 612 527 vno
645 487 733 526 loco
765 487 801 524 iu
836 485 931 525 aliud
967 486 1181 539 transferri,
1213 486 1240 528 si
1272 496 1444 541 apertura
1477 484 1556 525 tubi
1588 483 1639 525 ab
1669 484 1850 527 clauditur

529 560 567 590 et
601 563 666 590 vas
698 548 795 654 1315
829 549 975 604 semper
1007 550 1184 592 altiorem
1217 550 1349 592 locum
1393 550 1540 592 obtinet
1577 560 1696 603 quam
1734 548 1851 601 cynn-

530 613 615 654 drus
646 614 685 654 A
743 646 752 653 .

644 711 680 760 §.
709 720 777 758 13.
816 707 1075 752 ConsideratIO
1108 710 1346 754 instrumenti
1368 743 1379 752 .
1414 712 1518 767 quod
1552 710 1622 766 fig.
1658 725 1702 762 3.
1743 706 1856 758 exbi-

528 774 636 815 betut
676 774 914 816 occasionem
959 775 1059 815 dedit
1112 776 1378 818 construendae
1413 777 1527 818 librae
1561 775 1850 816 barometricae.

526 837 655 879 Putaui
690 839 717 880 si
751 838 851 879 effici
893 838 1034 893 possit,
1076 849 1120 880 vt
1159 841 1267 881 tubus
1307 841 1345 882 A
1365 838 1400 881 B
1440 842 1506 881 axi
1546 841 1694 881 cuidam
1735 839 1854 880 firmo

477 919 482 924 ·
524 902 797 954 incumberet,
832 913 870 943 et
903 903 1002 943 circa
1035 902 1143 944 illum
1177 904 1332 946 mobilis
1364 904 1455 945 esset
1474 937 1486 957 ,
1520 906 1616 945 inter
1649 916 1714 944 vas
1756 901 1855 945 DE

524 976 564 1006 et
597 966 728 1007 tubum
767 968 803 1007 A
823 963 858 1006 Β
892 967 1064 1020 potentia
1096 967 1282 1021 quaedam
1313 981 1348 1008 e.
1385 981 1422 1022 g.
1459 967 1553 1011 inG
1587 966 1852 1022 adplicaretur,

525 1042 618 1085 quae
650 1030 912 1085 aequilibrium
943 1028 1080 1071 faceret
1110 1029 1203 1071 tubo
1233 1030 1268 1072 B
1285 1030 1329 1073 D
1361 1032 1399 1071 iu
1427 1031 1705 1072 horizontalem
1740 1031 1857 1072 fitum

527 1095 703 1147 reduc‘to,
737 1096 988 1148 quantitatem
1021 1095 1195 1136 mercurii
1229 1107 1281 1136 ex
1315 1096 1354 1136 A
1374 1093 1409 1136 B
1439 1095 1479 1135 in
1516 1107 1576 1135 vas
1606 1093 1650 1135 D
1670 1095 1704 1136 E
1738 1094 1860 1136 fluen·

528 1158 576 1198 tis
609 1169 646 1198 et
679 1160 923 1212 quantitatem
957 1169 1009 1198 ex
1043 1157 1125 1198 vase
1158 1157 1201 1199 D
1221 1159 1257 1200 E
1288 1161 1326 1200 in
1361 1172 1426 1200 vas
1455 1160 1495 1200 A
1514 1157 1548 1198 B
1567 1159 1774 1200 recedentis
1792 1171 1860 1213 per

529 1222 744 1277 potentiam
779 1221 966 1276 quandam
986 1221 1023 1261 iu
1057 1217 1097 1260 G
1117 1221 1344 1275 adplicatam
1362 1254 1374 1274 ‚
1405 1222 1466 1262 vel
1491 1233 1541 1261 ex
1567 1223 1741 1275 potentia
1760 1223 1800 1262 in
1818 1218 1860 1263 G

530 1287 717 1340 adplicata
750 1284 966 1327 subductam
1000 1284 1150 1326 definiri
1192 1286 1306 1338 posse.
1385 1284 1608 1339 Apparebat
1628 1318 1639 1336 ,
1682 1284 1710 1325 si
1752 1287 1861 1327 tubus

530 1351 568 1391 A
589 1348 623 1390 B
656 1349 803 1403 amplus
837 1348 941 1389 fieret
977 1357 1014 1388 et
1048 1361 1112 1389 vas
1142 1346 1185 1389 D
1205 1348 1241 1389 E
1268 1349 1405 1402 pariter
1436 1348 1611 1401 amplum
1646 1356 1685 1387 et
1713 1346 1863 1402 insignis

529 1414 774 1467 capacitatis,
817 1414 1067 1468 quantitatem
1119 1412 1296 1454 mercurii
1347 1411 1531 1466 pressione
1575 1409 1862 1464 atmospliaerae

533 1478 638 1519 aucta
675 1479 713 1516 iu
750 1490 813 1517 vas
846 1476 889 1518 D
909 1477 946 1518 E
977 1476 1124 1517 fluentis
1157 1477 1250 1517 tubo
1282 1477 1321 1517 in
1355 1475 1586 1516 liorizontali
1619 1475 1685 1516 situ
1713 1476 1843 1516 conset

532 1552 625 1582 vato
656 1541 841 1595 insignem
873 1540 947 1582 efl'e
980 1540 1083 1594 poste
1103 1573 1114 1592 ‚
1149 1537 1241 1594 (per
1274 1541 1310 1590 ξ.
1331 1538 1405 1595 9),
1439 1550 1476 1580 et
1511 1539 1598 1580 hinc
1643 1540 1860 1593 potentiam

531 1606 573 1647 iu
608 1601 646 1645 G
681 1605 861 1658 insignem
895 1604 1028 1659 requiri
1061 1616 1154 1658 quae
1188 1605 1335 1658 pondus
1375 1604 1552 1644 mercurii
1593 1604 1630 1643 in
1675 1601 1773 1644 DE
1816 1603 1858 1645 il-

532 1669 652 1723 lapsi,
691 1668 868 1709 sustentet.
936 1667 1159 1722 Apparebat
1210 1668 1351 1721 simul,
1400 1681 1475 1722 quo
1527 1668 1773 1722 propinquius
1820 1663 1860 1708 G

534 1733 708 1785 cylindro
741 1734 776 1773 A
798 1731 831 1773 B
863 1733 1129 1784 assumeretur,
1162 1744 1209 1772 eo
1243 1735 1432 1774 maiorem
1478 1733 1688 1786 potentiam
1728 1732 1861 1788 requiri

537 1798 582 1838 ad
615 1798 761 1851 pondus
796 1799 965 1837 mercurii
1002 1798 1039 1836 in
1075 1795 1116 1837 D
1137 1796 1171 1837 E
1203 1797 1348 1838 fluentis
1400 1796 1670 1838 sustentandum
1713 1807 1752 1836 ct
1803 1805 1861 1835 tu—

534 1861 624 1903 bum
668 1862 705 1901 in
749 1860 974 1902 horizontali
1016 1860 1082 1902 situ
1117 1860 1448 1915 couleruaiidum3
1484 1873 1533 1902 eo
1565 1862 1748 1901 maiorem
1793 1870 1843 1899 ve

535 1938 579 1966 ro
595 1926 711 1966 etiam
742 1927 955 1979 potentiam
984 1936 1115 1966 contra
1141 1926 1228 1966 axin
1264 1926 1446 1966 ducciam
1514 1923 1612 1974 csse,
1662 1932 1700 1962 et
1768 1922 1859 1964 hinc

537 1989 722 2028 affiistiim
745 1991 780 2028 in
801 1990 976 2030 machina
995 1991 1118 2042 augeri
1137 1988 1272 2028 debere
1290 1987 1463 2041 potentia
1484 1986 1520 2025 iu
1540 1982 1578 2026 G
1599 1985 1801 2039 crescente,
1819 1996 1859 2028 et

537 2051 581 2092 sic
603 2062 780 2092 euentum
805 2054 904 2093 votis
932 2053 1056 2092 miuus
1082 2049 1371 2105 respondentem
1396 2050 1571 2104 praedici.
1608 2050 1676 2091 His
1692 2051 1856 2092 conside-

538 2116 626 2155 ratis
645 2126 680 2156 et
703 2116 739 2154 iu
761 2116 956 2154 subsidium
979 2115 1117 2153 xocatis
1136 2114 1200 2165 iis,
1217 2126 1306 2167 quae
1340 2108 1376 2156 ξ.
1408 2128 1436 2165 9
1488 2114 1674 2168 praemissi
1693 2148 1704 2167 ‚
1766 2116 1858 2155 inci-

538 2179 573 2220 di
632 2180 670 2220 in
738 2177 1057 2219 constructionem
1116 2189 1230 2232 quam
1297 2191 1375 2220 non
1448 2178 1612 2220 dubitaui
1679 2190 1859 2220 commu-

1717 2254 1857 2284 tricare.
