1971 2700
497 243 551 287 33
561 238 583 278 8
835 235 917 277 DE
949 231 1167 278 BESTHS
1200 230 1467 277 MARINIS.

611 348 725 390 Tibia
758 356 795 388 et
813 347 926 389 fibula
961 348 1022 388 sub
1053 358 1138 388 cute
1170 347 1408 398 delitescunt,
1429 359 1498 387 nec
1518 345 1728 388 extrorsum
1747 361 1816 391 ex-

493 409 655 452 seruntur
674 444 684 464 ,
717 410 829 452 tarsus
859 424 952 451 vero
983 421 1022 451 ct
1055 410 1271 452 metat-ursus
1305 411 1550 452 solummodo
1581 410 1694 452 libere
1729 424 1818 465 pro-

497 476 646 516 minent
678 484 718 514 et
751 475 834 527 pilis
866 484 1069 527 teguntur,
1103 474 1213 528 digiti
1243 486 1373 516 autem
1412 487 1451 524 5.
1491 474 1599 516 simili
1631 485 1716 515 cute
1743 475 1821 528 gla-

498 538 564 578 bra
595 547 632 577 et
666 537 787 578 subtus
819 539 962 591 virgata
993 538 1230 579 obducuntur
1249 571 1259 590 ,
1295 548 1338 579 vt
1373 539 1480 593 digiti
1499 539 1728 579 anteriorum
1755 550 1823 592 pe-

497 601 589 641 dum
617 616 624 640 ε
662 601 770 654 digiti
804 611 931 642 autem
968 602 1134 643 multum
1169 602 1359 656 longiores
1392 602 1471 643 sunt
1491 636 1502 654 ,
1536 615 1648 656 quam
1683 602 1719 642 in
1756 615 1824 643 an-

501 664 698 705 terioribus
731 665 917 719 pedibus:
954 667 1119 706 extimus
1151 665 1288 718 digitus
1304 665 1438 708 officio
1473 666 1617 720 pollicis
1635 664 1789 719 fungens
1808 695 1822 716 ‚

500 729 614 769 tertia
646 739 750 783 parte
783 729 931 783 reliquis
971 730 1080 771 latior
1129 739 1167 770 et
1199 729 1367 770 eiusdem
1401 744 1488 772 cum
1527 729 1689 783 sequenti
1740 729 1822 769 lon-

501 793 677 845 gitudinis
697 825 708 844 ,
743 803 814 834 tres
846 794 977 848 reliqui
1011 793 1178 834 eiusdem
1211 793 1438 847 latitudinis,
1470 793 1624 836 infimus
1648 804 1746 833 vero
1763 791 1825 833 seu

501 856 658 897 vltimus
690 858 855 898 ciusdem
888 871 976 898 cum
1012 858 1149 912 pollice
1168 857 1397 910 latitudinis,
1429 869 1465 899 at
1494 859 1641 911 reliquis
1676 857 1826 898 breuior

501 931 583 960 vno
617 920 790 974 pollice3
827 932 984 974 quatuor
1017 921 1146 975 reliqui
1180 922 1379 975 aequaliter
1410 922 1515 976 longi
1564 921 1658 962 sunt.
1731 918 1826 962 Sunt

501 994 629 1024 autem
665 985 810 1037 pinnati
846 984 959 1038 pedes
991 986 1029 1026 hi
1064 985 1252 1026 tenuiores
1302 987 1573 1038 anterioribus,
1607 999 1650 1026 ac
1687 985 1827 1039 digito·

502 1059 587 1087 rum
622 1048 765 1088 articuli
799 1048 947 1089 latiores
966 1081 976 1100 ‚
1010 1050 1196 1104 planiores
1246 1060 1287 1090 et
1320 1051 1538 1104 tenuiores·,
1576 1050 1717 1090 articuli
1744 1049 1826 1103 qui-

501 1112 594 1150 dem
628 1112 902 1164 coniunguntur
935 1124 1019 1153 cute
1053 1113 1178 1166 glabra
1198 1147 1209 1166 ‚
1242 1113 1326 1168 post
1362 1113 1537 1154 articulos
1570 1123 1697 1154 autem
1719 1143 1730 1164 ,
1762 1111 1829 1152 vbi

503 1173 706 1226 epipliyses
738 1174 996 1228 cartilagineae
1030 1177 1244 1228 incipiunt,
1278 1178 1392 1229 pedes
1426 1177 1494 1217 fissi
1524 1187 1560 1217 et
1593 1187 1638 1217 vt
1669 1177 1710 1217 in
1748 1175 1829 1230 pal-

506 1237 721 1289 mipedibus
745 1239 873 1278 auibus
899 1238 1004 1279 soluti
1034 1238 1133 1290 sunt,
1153 1240 1322 1293 adeoque
1347 1240 1460 1292 pinna
1489 1249 1661 1279 extrema
1689 1241 1826 1293 [quan-

506 1309 589 1339 tum
617 1300 878 1353 cartilaginea]
898 1303 935 1340 in
959 1313 997 1350 5.
1018 1303 1164 1342 lacinias
1189 1302 1322 1354 diuisa,
1343 1302 1578 1356 singulaeque
1597 1303 1830 1357 cartilagines

505 1364 552 1403 ad
572 1364 682 1403 latera
716 1364 940 1404 membrana
959 1375 1169 1418 augentur,
1203 1375 1249 1404 vt
1283 1367 1321 1404 in
1355 1366 1510 1418 pedibus
1527 1366 1795 1417 colymborum
1815 1398 1828 1419 ,

506 1427 607 1480 quod
641 1428 728 1467 ideo
767 1426 842 1479 fit,
877 1438 920 1468 vt
953 1429 1130 1481 exigente
1165 1428 1376 1469 necessitate
1410 1429 1570 1481 pinnam
1620 1429 1796 1469 diducere
1816 1458 1828 1480 ,

506 1492 660 1544 vimque
694 1504 833 1544 corpus
867 1492 1106 1546 propellendi
1142 1492 1249 1533 citius
1280 1492 1320 1532 in
1371 1493 1473 1547 aquis
1505 1503 1639 1545 augere
1660 1525 1671 1545 ,
1722 1501 1831 1533 nata·

507 1564 665 1607 tumque
699 1556 900 1596 accelerare
937 1555 1089 1610 possint.
1165 1554 1442 1597 Extremitates
1492 1555 1626 1596 harum
1679 1555 1830 1597 lacinia-

507 1631 592 1658 rum
630 1616 876 1659 subrotundae
907 1620 1016 1671 sunt,
1052 1621 1190 1674 pariter
1221 1633 1264 1660 ac
1299 1620 1486 1674 superiora
1534 1620 1739 1673 digitorum
1774 1620 1830 1660 in-

510 1682 661 1722 terstitia
683 1715 693 1733 ,
729 1683 792 1722 vbi
827 1685 921 1724 cutis
954 1685 991 1724 in
1027 1683 1174 1725 lacinias
1205 1684 1309 1725 abire
1327 1685 1459 1738 incipit
1478 1717 1489 1736 ‚
1508 1684 1713 1737 digitorum
1734 1686 1832 1738 quis-

507 1758 579 1798 que
616 1756 657 1792 3.
694 1746 850 1786 articulis
882 1749 1049 1801 gaudet,
1091 1757 1254 1801 excepto
1296 1749 1462 1802 pollice,
1515 1748 1578 1801 qui
1630 1748 1753 1788 modo
1789 1760 1830 1789 2.

509 1808 682 1861 fulcitur,
716 1811 870 1851 tertium
906 1824 999 1852 vero
1030 1814 1088 1852 {eu
1127 1822 1347 1853 extremum
1402 1811 1596 1852 articulum
1647 1824 1833 1884 quemque

510 1874 644 1925 xnguis
679 1874 881 1926 praefinit,
916 1875 1119 1930 oblongus,
1152 1887 1302 1929 acutus,
1335 1876 1490 1930 superne
1525 1888 1746 1927 conuexus,
1773 1878 1832 1919 in·

510 1936 613 1976 ferne
647 1948 871 1979 cxc.1u·.:itus
908 1952 1049 1993 mgucs
1083 1940 1227 1994 pollicis
1258 1950 1295 1980 et
1330 1941 1453 1980 intimi
1483 1939 1591 1992 digiti
1627 1909 1830 1992 perpzirui‚

515 2000 644 2039 nullius
676 2002 785 2055 vsus3
824 2004 859 2041 in
903 2004 1014 2042 tribus
1061 2004 1190 2044 mediis
1241 2004 1366 2056 digitis
1433 2003 1541 2042 vnius
1591 2003 1831 2057 eiusdemque

513 2062 755 2112 longitudinis
788 2075 823 2103 et
862 2065 1060 2106 latitudinis
1091 2066 1197 2115 sunt,
1230 2065 1340 2118 inque
1380 2077 1450 2104 vna
1489 2064 1576 2105 serie
1629 2066 1829 2108 secundum

517 2126 748 2165 latitudinem
786 2128 983 2178 locantur,
1017 2126 1229 2181 apopliyscs
1260 2138 1383 2168 autem
1421 2130 1682 2182 cartilagineae
1733 2130 1829 2171 vltra

515 2198 586 2227 tres
619 2200 821 2242 quatuurue
852 2191 1008 2247 pollices
1024 2191 1189 2235 laucdum
1227 2191 1474 2248 exporrectae
1504 2195 1642 2236 molles
1660 2204 1718 2246 et,
1737 2195 1828 2234 dum

1692 2257 1832 2301 animal
