1971 2700
471 213 696 266 -esszs-{u
733 222 760 250 0
795 209 1024 261 affigere·-
1328 220 1407 258 ης

369 321 480 382 DE
521 313 1156 378 EVAPORATIONE

116 410 195 451 EX
227 410 381 468 AQVA
415 404 724 451 FRIGIDIORI
757 404 909 447 AERE
951 396 1412 446 OBSERVATIONES

504 470 580 512 ET
615 467 1025 512 CONSECTARIA.

662 542 853 574 AchoRE

552 598 601 640 G.
640 600 703 641 W
704 631 712 639 .
750 598 971 642 Richmann.

115 723 235 837 De
265 733 522 787 euaporatione
554 743 605 773 ex
636 743 727 785 aqua
760 730 923 772 calidiori
956 731 1042 770 aere
1075 728 1255 782 quaedam
1304 739 1420 767 com-

246 797 512 838 mentariorum
547 795 759 836 nostrorum
792 806 977 834 nouorum
996 793 1126 846 primo
1155 791 1290 831 Tomo
1308 790 1417 829 inser-

113 868 152 898 ta
185 858 294 914 sunt3
327 872 424 900 nunc
456 859 728 899 obseruationes
760 857 808 898 de
841 865 1108 911 euaporatione
1139 867 1188 895 ex
1226 865 1316 906 aqua
1352 850 1416 890 fri-

115 922 202 974 gida
232 923 271 963 in
302 925 431 963 aerem
463 923 680 963 calidiorem
714 920 916 975 sequuntur.
981 920 1093 960 Hunc
1120 919 1158 958 in
1176 916 1294 958 finem
1310 925 1417 956 men·

112 984 147 1024 se
179 983 260 1027 Iulii
293 995 333 1027 et
363 986 519 1040 Augusti
551 985 734 1040 sequentia
770 985 905 1024 institui
934 984 1205 1037 experimenta.

610 1076 897 1155 Experim.
942 1073 981 1131 l.

275 1176 375 1231 quod
407 1188 477 1229 per
519 1189 559 1226 9.
595 1176 705 1215 horas
736 1185 773 1215 et
808 1187 876 1214 20.
911 1186 969 1213 m.
1005 1186 1063 1226 pr.
1098 1174 1255 1213 durauit.

230 1253 262 1300 ς.
288 1265 324 1290 1.
359 1251 488 1292 Ollam
523 1252 721 1291 vitreatam
757 1251 850 1291 lanei
869 1248 1060 1303 imposui,
1092 1262 1224 1303 aquam
1245 1249 1418 1303 frigidam

114 1317 148 1356 ei
181 1315 295 1355 infudi
329 1323 366 1354 et
399 1314 743 1355 Thermometrum
778 1313 887 1355 Fuhr.
924 1326 1037 1367 aquae
1070 1312 1252 1354 immerfi.
1320 1311 1421 1353 Con-

114 1380 315 1431 trapondio
350 1378 482 1418 deinde
515 1378 616 1418 alteri
649 1378 743 1418 lanei
778 1377 958 1430 imposito
990 1377 1034 1417 ad
1062 1377 1315 1430 aequilibrium
1336 1389 1417 1430 per-

113 1441 204 1482 duxi
239 1441 433 1482 bilanccm.
497 1440 699 1481 Diameter
731 1440 932 1495 superficiei
966 1440 1148 1480 circularis
1197 1452 1309 1492 aquae
1346 1438 1422 1478 aeri

118 1505 308 1556 expositae
341 1515 418 1544 erat
452 1500 516 1541 6s'
550 1502 632 1553 7m
664 1503 790 1545 Lond.
828 1502 978 1544 Bilance
995 1503 1039 1544 ad
1061 1502 1313 1556 aequilibrium
1340 1513 1424 1554 per·

116 1567 224 1608 ducta
259 1568 382 1608 notaui
417 1578 567 1620 tempus
588 1598 599 1617 ,
654 1569 877 1620 temperiem
930 1578 1042 1619 aquae
1065 1599 1075 1618 ,
1126 1566 1422 1618 temperiemque

116 1631 209 1669 a'e’ris
240 1631 446 1672 ambientis.
514 1630 617 1671 Hora
653 1629 764 1671 VIII.
803 1630 983 1670 mptutina
1027 1630 1066 1668 in
1099 1629 1214 1681 loco,
1256 1627 1321 1667 vbi
1354 1628 1421 1666 aer

116 1692 227 1732 libere
260 1694 429 1733 accedere
463 1693 587 1746 potuit
619 1694 742 1747 incepi
775 1693 964 1734 obieruare
993 1703 1029 1733 et
1064 1692 1128 1733 fuit

119 1765 291 1821 Tempus
322 1792 337 1798 -
374 1792 389 1799 -
426 1792 439 1798 -
474 1770 694 1823 Temperies
725 1782 838 1823 aquae
872 1795 888 1801 -
924 1793 939 1799 -
972 1792 985 1800 -
1020 1770 1244 1822 Temperies
1277 1769 1374 1807 ae’ris

150 1832 257 1870 initio
322 1857 334 1862 -
372 1853 386 1860 ο
421 1854 433 1859 -
456 1844 529 1881 40.
554 1844 608 1883 gr.
634 1832 918 1875 Therm.Fahr.
940 1856 954 1862 -
975 1854 990 1862 -
1010 1851 1025 1859 -
1048 1835 1124 1881 63ξΞ
1142 1845 1196 1885 gr.
1218 1830 1420 1871 TlrF-ahr.

148 1893 229 1948 post
250 1904 305 1943 ³7
327 1906 453 1946 m-pr-
478 1908 537 1944 44
605 1920 615 1925 -
686 1917 1021 1926 -----
1043 1899 1118 1941 63}

120 1969 237 2011 Simul
274 1982 365 2008 vero
397 1969 484 2009 lanx
505 2001 514 2019 ‚
547 1970 582 2008 in
615 1982 684 2021 qua
717 1982 808 2022 aqua
841 1970 1092 2021 cuaporationi
1127 1970 1290 2022 exposita
1317 1976 1394 2010 crat
1413 2001 1423 2020 ,

117 2032 383 2072 descendebat:
420 2042 457 2072 et
491 2044 575 2071 cum
612 2041 771 2071 attentus
804 2042 1025 2084 apparatum
1059 2045 1216 2072 omnem
1251 2043 1420 2072 contem-

121 2097 237 2147 plarer
258 2127 267 2145 ,
301 2093 502 2146 stuperficies
532 2104 684 2135 externa
718 2093 811 2134 ollae
844 2094 994 2146 guttulis
1026 2096 1193 2136 minimis
1225 2095 1328 2137 instar
1362 2107 1422 2137 ro-

120 2160 164 2199 ris
195 2158 355 2198 obdutsta
388 2156 600 2199 cernebatur
633 2170 745 2209 vsque
778 2157 822 2197 ad
854 2157 1090 2199 altitudinem
1124 2159 1169 2200 ad
1203 2171 1315 2213 quam
1335 2169 1423 2212 aqua

185 2221 304 2260 Tom.
341 2220 390 2260 ΙΙ.
415 2221 517 2262 Nou.
540 2218 759 2261 Comment.
973 2222 1009 2261 T
1384 2222 1420 2259 iu
