1971 2700
739 225 757 284 (
790 238 848 281 25
880 226 900 284 i

362 343 409 383 G.
434 341 495 379 W.
518 339 754 378 STELLERI
779 339 845 377 DE
868 337 1042 377 Bsss'rns
1066 339 1271 378 Mamms,

209 455 230 482 n
262 440 331 483 hac
358 438 694 481 commentatione
736 447 896 491 quatuor
931 437 1062 478 bestias
1091 437 1257 478 marinas
1276 469 1287 487 ‚
1323 436 1473 481 manati

233 505 369 546 scilicet
408 503 469 542 seu
511 513 670 541 vaccam
710 502 903 542 marinam
921 534 933 554 ,
967 500 1094 542 vrsum
1135 502 1327 542 marinum
1347 534 1361 554 ‚
1392 503 1472 544 leo-

163 581 258 611 nem
289 567 484 608 marinum
518 573 558 605 et
588 565 728 606 lutram
759 565 949 606 marinam
965 563 1139 606 describit
1172 565 1360 619 longioris
1389 567 1474 608 aeui

160 631 392 687 digniffimus
431 628 582 669 Auctor
618 637 730 668 tanto
772 629 924 680 studio,
958 637 1002 668 vt
1033 628 1106 669 vix
1138 629 1344 683 quidquam
1376 629 1472 672 defi-

159 695 282 737 derari
321 692 435 748 poffit
457 725 468 744 ‚
518 691 620 746 quod
661 692 708 732 ad
749 691 963 745 plenariam
1003 692 1228 732 an³malium
1269 692 1472 734 historiam

159 758 316 813 spectat.
381 756 570 798 Habitum
611 754 719 794 enim
761 754 934 807 corporis
965 752 1139 806 depingit
1167 755 1473 808 accuratissime,

157 823 209 863 de
249 820 401 874 singulis
449 819 636 860 membris
681 830 892 871 eorumque
945 815 1012 856 fitu
1043 847 1055 867 ,
1113 816 1377 870 magnitudine
1433 827 1475 858 et

158 885 413 940 proportione
449 881 594 923 disserit
636 880 835 921 vberrime
875 889 916 922 et
947 880 985 920 in
1018 879 1057 920 id
1098 891 1212 920 vnice
1256 879 1473 934 incumbit,

157 958 204 989 vt
237 948 386 989 formae
424 955 605 987 externae
645 944 787 986 claram
829 953 870 985 et
911 942 1127 984 distinctam
1169 945 1296 985 ideam
1335 944 1472 986 tradat.

154 1009 234 1053 Sed
275 1024 345 1053 nec
384 1011 533 1051 interna
574 1008 714 1048 intaeta
757 1007 931 1061 relinquit
948 1039 959 1059 ,
1001 1006 1221 1049 struc'turam
1260 1019 1390 1049 earum
1422 1007 1473 1049 ri·

159 1085 315 1125 matur,
346 1081 530 1127 quantum
570 1083 643 1124 per
680 1070 975 1110 circumstantias
1010 1069 1090 1110 loci
1129 1080 1172 1111 et
1206 1072 1395 1124 temporis
1428 1071 1473 1112 lin

157 1146 220 1176 cet
239 1168 250 1186 ,
289 1133 571 1174 conuenientius
609 1132 775 1184 partium
816 1144 902 1173 cum
943 1130 1029 1171 aliis
1071 1141 1112 1171 et
1141 1133 1372 1174 differentias
1402 1134 1477 1175 de·

154 1197 292 1248 clarat,
322 1204 361 1235 et
389 1194 532 1236 exinde
564 1193 847 1236 mechanifinos
877 1203 986 1248 atque
1023 1203 1196 1236 naturam
1237 1196 1474 1241 animalium

155 1258 363 1301 dilucidare
420 1266 558 1312 curan,
597 1256 683 1298 vsus
714 1257 883 1312 partium
915 1258 957 1299 in
992 1257 1080 1298 cibo
1098 1291 1109 1311 ‚
1149 1260 1336 1301 medicina
1373 1261 1475 1302 aliis·

156 1336 231 1378 que
270 1322 380 1363 rebus
420 1320 589 1376 exponit
607 1358 618 1373 ,
650 1321 817 1377 denique
855 1322 905 1363 de
938 1331 1050 1363 motu
1071 1352 1083 1375 ‚
1116 1332 1247 1365 natura
1279 1333 1319 1365 et
1346 1324 1473 1367 mori-

153 1386 222 1428 bus
253 1385 451 1427 bestiarum
483 1394 618 1426 narrat.

271 1450 493 1503 Antequam
532 1459 664 1490 autem
705 1449 754 1490 ad
791 1462 873 1491 rem
916 1449 1035 1504 ipsam
1073 1451 1223 1492 accedit
1242 1484 1254 1504 ,
1290 1453 1471 1496 anImalia

154 1525 208 1553 ex
236 1526 318 1554 vno
350 1514 503 1553 climate
544 1513 585 1553 in
618 1514 720 1554 aliud
751 1513 997 1568 transportata
1036 1526 1156 1567 paene
1186 1514 1353 1569 speciem
1382 1529 1468 1560 mu-

152 1585 233 1617 tare
266 1577 461 1631 exemplis
490 1589 699 1630 equorum,
730 1578 862 1618 ouium
892 1586 935 1617 et
965 1577 1173 1618 sciurorum
1202 1578 1469 1636 demonstrat;

154 1648 236 1680 tum
271 1639 414 1694 phocas
446 1640 485 1680 in
518 1650 595 1680 tres
625 1640 765 1693 species
794 1651 941 1681 ratione
972 1641 1246 1695 magnitudinis
1258 1643 1469 1698 distinguit,

153 1696 450 1757 singularumque
488 1713 530 1744 et
569 1703 699 1745 locum
739 1704 903 1745 natalem
944 1704 1175 1744 determinat
1201 1738 1213 1757 ,
1260 1717 1302 1747 et
1351 1709 1472 1748 ratio·

155 1777 246 1805 nem
298 1767 448 1807 adducit
466 1799 479 1818 ,
525 1779 596 1807 cur
634 1767 710 1807 hoc
752 1777 900 1808 tantum
940 1767 1131 1821 amphibii
1162 1780 1281 1821 genus
1310 1783 1391 1813 non
1425 1771 1467 1813 in

150 1839 301 1867 oceano
342 1828 462 1868 solum
482 1860 495 1879 ,
537 1828 597 1869 sed
651 1839 690 1870 et
733 1830 880 1871 lacubus
925 1830 1061 1884 passim
1108 1832 1317 1885 reperiatur
1339 1866 1350 1886 ,
1392 1834 1466 1877 alia

151 1902 279 1931 autem
313 1890 422 1929 certis
454 1890 675 1943 quibusdam
706 1893 926 1946 regionibus
954 1903 998 1933 et
1026 1893 1122 1934 'locis
1153 1897 1309 1948 propria
1344 1897 1431 1938 fint-

266 1951 334 1994 De
373 1962 532 2005 quatuor
579 1953 707 1993 bestiis
762 1955 919 1995 marinis
964 1966 1090 1997 narrat
1108 1987 1120 2004 ,
1157 1957 1362 2001 innotuisse
1402 1973 1466 2003 eas

148 2027 237 2057 ante
278 2016 485 2056 dimidium
528 2015 747 2069 saeculum,
786 2027 827 2057 et
861 2017 1002 2058 Lutrae
1042 2018 1196 2073 quidem
1237 2025 1409 2065 marinae
1440 2037 1464 2066 a

151 2080 424 2133 Marcgrauio,
464 2078 525 2118 sed
556 2079 720 2120 breuiter
751 2089 792 2120 et
826 2079 1007 2133 obscure,
1049 2084 1295 2128 mentionem
1325 2086 1461 2130 saetam

150 2142 226 2185 effe
258 2143 433 2183 affirmat.
501 2141 642 2183 Leonis
682 2153 722 2184 et
752 2143 828 2186 vrsi
860 2144 999 2187 marlai
1041 2158 1063 2186 a
1095 2145 1346 2202 Dampiero,
1379 2164 1460 2193 ma-

149 2208 229 2250 nati
270 2215 353 2248 tum
382 2219 407 2247 a
439 2206 565 2248 doetis
613 2207 806 2262 plurimi5‚
841 2217 922 2251 tum
965 2209 1091 2252 ‘etiam
1134 2223 1162 2252 a
1211 2210 1459 2267 Dampiero,

800 2270 828 2313 d
1344 2279 1450 2321 cuius
