1971 2700
741 227 898 285 (13)

166 350 225 391 cie
265 347 401 389 telluris
439 343 635 396 stagnantis
676 356 710 384 e.
745 357 783 397 g.
819 344 955 396 fluuii,
991 341 1110 395 lacus,
1143 341 1208 383 vel
1241 344 1355 384 maris
1370 351 1472 383 tem-

168 414 292 466 peries
337 423 405 459 50.
441 409 619 461 graduum
638 440 648 459 ,
679 408 783 460 quod
830 420 921 448 vere
965 417 1004 447 et
1036 416 1219 447 autumno
1253 406 1473 459 contingere

163 476 252 515 solet
270 508 281 526 ‚
310 473 579 512 collectionem
612 482 804 523 vaporum
846 471 982 524 largius
1015 470 1100 511 fieri
1133 470 1273 511 debere
1304 483 1348 512 ac
1385 481 1474 511 eua-

162 540 400 591 porationem
437 547 506 587 per
538 547 631 587 exp.
666 533 702 574 1.
739 533 794 573 II.
829 532 904 573 III.

280 613 320 638 2.
385 597 427 638 Si
461 599 663 650 temperies
694 599 788 636 aeris
820 595 965 649 superat
997 606 1069 645 75.
1101 608 1158 649 gr.
1193 604 1232 636 et
1267 597 1475 651 temperies

161 674 275 717 aquae
315 663 355 701 in
397 661 590 714 superficie
631 660 773 699 telluris
798 659 993 711 stagnantis
1032 672 1068 698 e.
1101 672 1138 710 g.
1179 659 1302 710 fluuii,
1342 660 1474 714 lacus,

161 726 224 766 vel
256 726 368 765 maris
409 725 461 764 est
496 725 624 764 minor
668 726 741 762 60.
776 722 949 775 gradibus
971 752 982 772 ,
1023 721 1125 774 quod
1165 721 1300 759 aestate
1333 724 1476 775 saepius

161 790 378 841 contingere
409 789 500 828 solet
520 820 531 837 ‚
567 786 680 827 rursus
710 786 792 840 plus
825 797 1015 839 vaporum
1049 796 1100 823 ex
1126 784 1214 823 ae're
1248 782 1377 835 colligi
1409 785 1476 825 de-

161 852 248 892 bere
279 865 322 892 ac
357 853 624 904 euaporatione
664 852 704 890 in
721 848 1022 903 atmosphaeram
1063 848 1143 887 abit
1176 859 1246 900 per
1277 845 1386 900 Exp.
1420 846 1473 888 V.

163 924 201 954 et
235 914 305 955 VI.

276 992 317 1028 3.
382 976 423 1018 Si
465 977 678 1018 differentia
721 977 822 1016 inter
862 975 1092 1028 temperiem
1143 975 1242 1014 a'e'ris
1281 973 1472 1016 calidioris

159 1051 197 1081 et
230 1053 344 1092 aquae
374 1040 572 1092 frigidioris
614 1042 653 1078 in
689 1039 883 1091 superficie
926 1038 1068 1078 telluris
1090 1038 1288 1090 stagnantiS
1309 1071 1319 1090 ,
1361 1051 1393 1080 e.
1430 1051 1470 1092 g.

160 1104 293 1152 fluuii,
324 1104 422 1141 lacus
440 1102 551 1152 ‚qvel
590 1102 729 1150 maris,
764 1111 971 1151 paucorum
1010 1109 1159 1140 tantum
1192 1101 1399 1152 graduum,
1432 1113 1470 1141 e.

157 1176 195 1214 g.
236 1175 272 1200 1.
308 1162 354 1201 ad
394 1173 460 1199 10.
494 1161 598 1215 quod
630 1162 821 1202 ordinario
853 1162 928 1202 sole
960 1162 1065 1215 supra
1099 1163 1348 1203 horizontem
1379 1175 1473 1218 rno-

156 1232 263 1264 rante
297 1224 469 1264 obtinere
502 1224 597 1264 solet
615 1257 626 1276 ‚
660 1227 977 1278 euaporationem
1013 1227 1226 1279 praeualere
1267 1239 1359 1280 prae
1388 1226 1472 1267 col-

155 1286 318 1328 lestione
352 1300 542 1340 vaporum
575 1301 645 1342 per
688 1290 795 1341 Exp.
836 1290 871 1330 I.
906 1288 960 1329 ΙΙ.
995 1288 1069 1330 ΙΙΙ.
1106 1290 1178 1331 IV.
1214 1289 1266 1329 V.
1303 1288 1376 1330 VI.

221 1351 292 1391 VI.
361 1350 618 1392 Confirmauit
650 1354 765 1392 etiam
799 1353 983 1407 quaedam
1022 1366 1074 1393 ex
1105 1353 1164 1393 his
1194 1353 1472 1394 obseruationi-

156 1415 223 1455 bus
242 1447 254 1464 ,
298 1429 393 1468 quae
433 1428 486 1455 ex
531 1416 841 1456 obseruationibus
881 1428 1016 1469 parum
1049 1415 1214 1457 definitis
1250 1419 1327 1457 iam
1361 1426 1471 1458 antea

157 1478 314 1518 feliciter
345 1479 502 1519 deducta
547 1480 627 1521 sunt
669 1494 691 1522 a
723 1479 897 1522 naturalis
930 1480 1101 1517 scientiae
1136 1480 1357 1518 eultmibus.

157 1599 205 1635 G.
240 1600 296 1634 W.
324 1601 592 1637 RICHMANN’I
634 1600 966 1637 EXPERIMENTA
1005 1600 1069 1636 DE
1110 1598 1469 1638 COMPRESSIONE

182 1649 320 1686 AERIS
347 1651 538 1687 leRlMls
564 1649 1112 1737 ΡΕξΑῇἯέὃῦἓέἓξῖΜΒΙὸ
1137 1650 1441 1687 CONGLAClA-

161 1757 488 1849 Celeberrimus
528 1764 697 1805 Halefius
738 1765 778 1804 in
822 1765 945 1804 statica
987 1763 1268 1817 Vegetabilium
1310 1764 1470 1817 expeti-

275 1831 450 1860 mentum
483 1828 674 1876 quoddam
711 1827 935 1878 adduxerat,
968 1829 1158 1868 mediante
1192 1839 1271 1881 quo
1305 1827 1342 1866 in
1376 1828 1470 1865 den-

158 1880 302 1922 fitatem
341 1886 438 1922 ae'ris
478 1887 665 1937 inquirere
704 1899 861 1928 conatus
898 1891 1015 1928 filerat
1035 1922 1046 1940 ‚
1083 1891 1162 1930 scll.
1203 1888 1373 1927 tubulum
1406 1889 1468 1928 vi-

160 1953 284 1985 treum
322 1946 441 1998 globo
481 1950 648 2000 quodam
691 1960 879 1988 excauato
917 1951 1040 1990 ferreo
1072 1951 1226 1990 Bomba
1266 1950 1374 1989 dieto
1408 1951 1468 1991 in-

158 2007 311 2048 cludens
329 2041 339 2059 ‚
383 2010 482 2049 hunc
521 2012 680 2063 globum
723 2023 816 2064 aqua
846 2012 1032 2065 repletum
1074 2014 1190 2066 rigori
1221 2012 1361 2053 hiemis
1394 2026 1468 2054 ex-

157 2070 345 2123 posuerat,
379 2085 417 2112 et
449 2074 645 2128 postquam
680 2076 708 2113 is
724 2076 769 2115 ab
800 2088 893 2127 aqua
926 2075 1130 2128 gelascente
1161 2078 1344 2130 disruptus
1357 2076 1466 2130 esset,

156 2145 208 2173 ex
240 2135 316 2175 eius
348 2135 528 2177 firmitate
560 2138 639 2177 vim
672 2138 959 2191 supputauerat‚
997 2153 1068 2194 qua
1098 2143 1164 2181 ae'r
1196 2141 1327 2181 tubulo
1358 2153 1465 2193 prae·

157 2196 262 2238 disto
300 2210 497 2241 contentus
536 2202 764 2255 compressus
801 2201 937 2244 fiiiffet.
1337 2258 1340 2260 ¹

742 2265 766 2305 b
799 2276 823 2313 3
1391 2267 1457 2306 Pus
