1971 2700
1180 138 1202 158 ἢ

555 222 648 267 ,228
681 210 889 260 norton
922 184 1430 256 ΡΕκΡΕΤΪΜοΒιΜε
1462 203 1813 259 DESCRIPTIO.

561 331 793 374 tendendum
827 329 888 370 vel
922 326 1068 383 pondus
1099 324 1321 367 eleuandum
1344 338 1356 378 3
1390 324 1451 365 vel
1482 324 1561 367 alio
1591 327 1758 380 <modam
1791 345 1878 375 mo.

563 397 616 439 do
649 397 763 437 elater
795 393 1011 447 adplicetur.
1078 389 1198 430 Huius
1229 401 1306 443 ope
1339 387 1500 430 efficitur
1519 422 1531 441 ,
1565 400 1609 431 vt
1641 390 1777 436 elatem
1805 396 1881 439 ho-

562 460 698 513 rologii
730 458 776 498 ad
808 456 1001 497 summum
1036 453 1184 496 intenlb
1224 454 1416 507 virgarum
1469 453 1741 497 metallicarum
1790 471 1884 502 con-

564 523 736 564 tmc'tioni
768 529 808 560 et
838 519 1052 560 dilatationi
1083 517 1202 559 adhuc
1236 516 1340 558 locus
1369 518 1596 559 concedatur
1613 518 1782 575 haecque
1799 535 1884 566 mu·

566 587 660 627 tatio
693 597 772 624 non
808 583 986 624 inutiliter
1021 582 1214 637 perdatur.
1296 580 1473 636 Denique
1523 594 1597 636 ope
1646 574 1824 637 ponderis
1852 590 1882 629 λ

564 649 669 704 super
701 648 910 689 trochleam
944 647 990 688 ad
1024 646 1312 688 extremitatem
1345 646 1474 700 virgae
1507 646 1666 687 vltimae
1711 648 1887 702 adplioeti

565 714 751 755 efficiatur
769 744 780 764 ‚
813 725 889 767 quo
921 712 1046 752 minus
1076 711 1204 764 virgae
1237 709 1448 751 metallicae
1481 709 1543 751 sub
1576 710 1799 753 dilatatione
1823 726 1886 756 ea-

565 778 742 819 rumdem
778 774 931 831 propter
963 774 1204 816 resistentiam
1237 773 1374 816 brachii
1405 785 1428 815 r
1462 775 1726 827 incuruentur‚
1767 789 1884 832 quem

564 841 603 881 in
636 840 753 881 finem
784 842 901 885 etiam
934 851 983 882 ex
1014 838 1058 894 l,
1090 851 1113 879 n
1146 848 1184 880 et
1207 846 1238 896 p
1271 839 1421 881 minora
1452 839 1618 896 pondera
1670 838 1891 934 suspendere

565 905 752 949 conducit.

685 1035 717 1085 §.
743 1038 784 1075 6.
823 1032 927 1076 Cum
961 1033 1090 1075 omnia
1121 1032 1319 1087 horologia
1350 1030 1567 1075 oscillatoria
1598 1043 1637 1076 et
1669 1034 1858 1090 portatilia
1877 1066 1891 1089 ‚

568 1098 731 1140 cochleis
766 1099 824 1141 vel
856 1099 1029 1151 cylindris
1061 1097 1292 1153 simplicibus
1325 1098 1406 1139 vim
1442 1098 1646 1139 motricem
1691 1099 1889 1140 lustentan·

569 1164 617 1202 tia
638 1195 648 1213 ‚
683 1163 759 1203 hoc
792 1162 930 1203 vitium
964 1161 1153 1213 habeant,
1187 1162 1293 1215 quod
1326 1160 1388 1202 sub
1421 1162 1625 1203 intensione
1660 1163 1809 1204 clateris
1825 1163 1892 1205 vel

568 1225 777 1267 cleu-atione
796 1226 974 1280 ponderis
992 1226 1031 1265 in
1051 1234 1158 1264 motu
1192 1224 1470 1278 impediantur3
1507 1227 1656 1277 immo,
1688 1227 1790 1280 quod
1808 1238 1889 1268 non

570 1289 668 1330 nulla
699 1287 1004 1344 praestantissima
1031 1289 1249 1342 ceteroquin
1277 1286 1478 1342 horologia
1497 1288 1683 1342 anglicana
1703 1289 1891 1343 planete-

570 1354 751 1407 trogrado
783 1363 895 1394 motu
928 1354 1069 1393 interea
1084 1352 1256 1392 incedant
1276 1383 1287 1403 ,
1320 1351 1410 1392 huic
1443 1351 1546 1391 malo
1564 1364 1633 1405 per
1659 1352 1889 1407 descriptam

568 1417 604 1466 §.
632 1427 674 1464 3.
705 1415 929 1457 entheioesin
962 1415 1251 1456 multo·melius
1282 1424 1322 1454 et
1363 1414 1504 1455 facilius
1551 1414 1698 1456 mederi
1749 1417 1892 1470 poteri·

567 1492 682 1534 mus,
715 1493 831 1535 quam
865 1478 1032 1521 artificio
1065 1478 1137 1520 isto
1167 1479 1484 1531 leutmaunianO,
1516 1478 1583 1520 vbi
1623 1479 1793 1531 cylindro
1826 1480 1891 1523 du-

568 1544 657 1599 plici
691 1557 782 1585 cum
820 1544 984 1599 pluribus
1012 1542 1192 1585 adiunctis
1217 1545 1310 1585 rotis
1326 1555 1421 1597 opus
1436 1542 1501 1583 est.
1566 1542 1764 1599 Quoniam
1783 1556 1891 1600 prae-

569 1617 669 1648 terea
701 1609 739 1648 in
771 1606 1229 1663 hugeniano,horologio
1246 1617 1406 1662 propter
1422 1605 1635 1648 trochleam
1661 1606 1894 1662 aculeatam,

567 1670 695 1713 funem
715 1671 1006 1723 stistentantem,·
1022 1680 1123 1712 tanta
1143 1670 1349 1726 perfectio,
1367 1672 1514 1712 duratio
1531 1680 1569 1711 et
1587 1672 1787 1726 aequalitas
1803 1684 1893 1715 mo·

570 1745 628 1777 tus
645 1735 755 1789 plane
774 1749 853 1776 non
872 1735 1036 1778 obtineri
1058 1736 1177 1789 potest
1196 1767 1206 1787 ,
1240 1746 1418 1790 quantam
1441 1735 1476 1774 in
1497 1734 1705 1789 horologiis
1731 1737 1894 1791 anglica-

566 1800 624 1840 nis
658 1798 765 1854 super
797 1801 971 1852 cylindro
1004 1799 1133 1840 flinem
1166 1800 1376 1854 gerentibus
1409 1799 1583 1839 obtinere
1617 1799 1703 1841 licet
1722 1833 1733 1852 ,
1767 1800 1892 1841 multo

565 1863 697 1905 melius
730 1862 765 1904 ie
798 1864 845 1905 ad
876 1864 957 1905 vsus
989 1863 1261 1905 astronomicos
1292 1863 1652 1906 commendaturum
1686 1863 1774 1904 ess‘et
1816 1864 1890 1905 tale

568 1928 811 1982 horologium
844 1928 1085 1982 anglicanum
1105 1961 1116 1979 ,
1149 1928 1252 1983 quod
1286 1939 1356 1982 per
1389 1927 1512 1968 modo
1529 1927 1671 1966 dictum
1689 1925 1892 1969 artificium

567 2001 719 2031 motum
755 1990 860 2033 suum
895 1993 956 2033 sub
992 1993 1203 2033 clentione
1234 1991 1409 2045 ponderis
1428 2020 1440 2040 ‚
1491 1988 1657 2030 similiter
1692 2000 1732 2031 vt
1773 1989 1893 2045 huge-

570 2055 721 2094 nianum
744 2087 755 2107 ‚
806 2058 1076 2106 continuaret,
1124 2065 1238 2108 quam
1280 2065 1355 2105 ea,
1395 2064 1486 2107 quac
1535 2052 1720 2108 hucusque
1751 2054 1794 2096 in
1827 2053 1893 2097 vlit

571 2116 730 2160 fucrimt.

1639 2243 1888 2293 PHYSICA.
