1971 2700
493 196 581 238 286
932 192 1016 236 DE
1049 190 1246 236 ACERE

487 318 546 349 res
575 306 715 350 virides
749 306 827 348 sunt
862 319 952 349 cum
988 304 1146 348 tinctura
1178 304 1279 347 rubri
1330 302 1471 347 coloris
1525 311 1565 346 et
1592 303 1683 349 striis
1726 309 1817 354 albis

487 371 816 426 longitudinalibus
852 383 890 413 et
922 370 1176 413 eminentibus
1195 403 1208 424 ‚
1252 369 1454 413 adultiores
1510 369 1680 412 eiusdem
1722 387 1814 418 eum

487 436 640 477 caudice
672 437 823 478 coloris.

607 500 712 542 folia
744 501 946 554 coniugata
981 498 1118 552 pariter
1150 506 1190 538 et
1219 499 1375 540 crutiata
1400 532 1410 551 ,
1444 497 1723 554 semipendula,
1752 499 1822 543 du-

489 577 530 605 as
565 572 603 603 et
637 574 710 603 tres
743 566 870 604 vncias
900 563 1045 618 long-1,
1079 574 1197 604 vnum
1229 572 1270 603 et
1302 563 1394 605 duos
1433 564 1590 619 pollices
1622 563 1715 616 lata,
1748 563 1827 618 ple-

489 640 650 682 rumque
691 627 850 668 cordato
884 626 1051 680 oblonga
1072 659 1083 679 ,
1112 636 1225 669 acuta
1242 658 1254 678 ,
1287 625 1396 684 fiiepe
1427 629 1541 669 etiam
1576 627 1820 681 subrotunda,

492 693 579 734 imo
614 703 692 731 non
724 703 831 744 raro,
860 694 1008 733 minom
1040 689 1282 746 praesertim,
1317 692 1440 733 oualia
1462 725 1472 743 ,
1506 691 1666 732 inferiori
1693 701 1826 733 extre—

495 769 563 798 mo
598 757 869 813 integerrima,
903 756 1073 809 margine
1107 766 1152 796 vt
1183 755 1392 809 plurimum
1424 756 1562 798 sumata
1583 789 1594 808 ,
1627 765 1692 796 aut
1731 755 1829 798 leui..

492 830 552 862 ter
583 819 753 877 angulata
774 852 786 872 ,
817 832 896 860 non
927 832 1013 864 ,mro
1043 819 1163 861 etiam
1195 818 1325 862 biloba
1359 820 1457 874 quasi
1488 829 1550 861 aut
1581 829 1620 860 et
1657 819 1793 863 rriloba
1811 850 1826 872 ,

493 884 626 926 omnia
652 893 762 925 acute
792 894 831 924 et
863 883 1105 937 inaequaliter
1139 884 1271 924 serrata
1291 916 1302 936 ‚
1334 892 1460 925 tenera
1481 915 1494 938 ,
1530 886 1704 938 vtrinque
1744 883 1828 938 gla-

494 947 562 991 bra
580 981 592 1001 ,
625 947 748 988 adulta
780 946 876 988 laete
909 946 1046 988 viridia
1064 978 1076 999 ,
1106 947 1254 987 iuniora
1282 946 1476 1001 rubentia,
1510 955 1583 1004 pro
1615 960 1728 990 more
1759 959 1831 991 ve-

494 1011 582 1053 nosti
601 1044 612 1064 ‚
645 1011 752 1052 venis
780 1022 887 1054 rarae
931 1010 1036 1052 albae
1086 1022 1175 1050 cum
1206 1020 1335 1053 aetate
1362 1012 1614 1057 ‘euanestentis
1645 1012 1826 1066 lanuginis

493 1076 616 1130 specie
648 1075 853 1127 obductis,
887 1087 979 1132 quae
1013 1074 1050 1115 in
1085 1074 1290 1117 maioribus
1319 1075 1538 1131 praelertim
1572 1078 1670 1117 circa
1718 1075 1832 1118 inser·

496 1141 640 1180 tionem
674 1140 941 1193 petiolorum‚
976 1148 1016 1178 et
1044 1137 1236 1190 copiosior
1266 1139 1320 1179 est
1372 1150 1410 1181 ct
1453 1139 1590 1181 diutius
1622 1139 1739 1181 durat.

613 1202 748 1246 Petioli
812 1201 990 1244 foliorum
1024 1199 1100 1240 fere
1133 1200 1394 1257 longitudine,
1430 1214 1578 1254 tenues,
1611 1202 1707 1244 infra
1740 1214 1833 1245 con-

497 1267 594 1310 vexi
612 1299 624 1319 ,
659 1266 765 1320 supra
799 1265 872 1307 leui
905 1264 1002 1307 sulco
1028 1265 1211 1317 exarati,
1247 1266 1448 1319 purpurei,
1479 1266 1519 1305 in
1553 1266 1756 1307 iunioribus
1772 1278 1833 1308 ra-

498 1331 573 1373 mis
607 1330 711 1386 pilosi
731 1362 742 1382 ,
773 1329 821 1370 ad
852 1330 1028 1383 angulum
1065 1327 1329 1370 isermireelum
1365 1329 1554 1372 ,exstantes
1577 1362 1589 1382 ,
1629 1329 1670 1370 in
1702 1339 1835 1373 ‚aetate

498 1394 794 1450 prouectioribus
825 1393 945 1447 glabri
964 1425 975 1445 ,
1003 1392 1206 1436 ¹horizonti
1238 1392 1417 1447 paralleli,

616 1457 749 1501 Flores
775 1456 961 1500 vracemofi
993 1458 1031 1498 in
1061 1454 1220 1497 summis
1251 1456 1379 1497 ramis.
1438 1455 1639 1514 Pedunculi
1682 1455 1838 1499 vniuer·

498 1521 589 1565 feles
618 1522 715 1563 inter
748 1522 898 1563 vnciam
931 1531 970 1563 et
1004 1530 1079 1562 tres
1107 1519 1267 1577 pollices
1292 1520 1531 1575 *longitudine
1562 1521 1729 1572 variant,
1764 1532 1832 1575 pe·

501 1587 601 1627 tiolis
635 1587 818 1627 tenuiores
850 1584 952 1639 sunt,
987 1595 1124 1625 teretes
1143 1616 1154 1636 ‚
1195 1584 1316 1638 glabri
1348 1593 1387 1625 et
1438 1584 1550 1625 viridi
1583 1584 1714 1625 colore
1748 1583 1836 1627 insi·

501 1661 625 1704 gnes;
659 1650 832 1703 partiales
863 1650 903 1690 in
937 1660 1067 1690 ramos
1098 1647 1223 1689 variae
1257 1648 1503 1704 longitudinis
1552 1647 1657 1690 diuifi
1676 1681 1688 1701 ‚
1737 1660 1834 1704 quo-

503 1727 588 1755 rum
623 1713 770 1768 singulis
802 1713 965 1766 singulae
1010 1711 1148 1767 ligulae
1202 1712 1350 1754 lineares
1399 1711 1578 1754 exsuccae
1597 1744 1609 1763 ,
1662 1712 1839 1754 rubentes

503 1777 687 1819 subiectae
720 1777 797 1818 sunt
816 1810 826 1829 ,
861 1790 934 1833 pro
976 1778 1121 1818 ratione
1154 1776 1293 1818 altioris
1334 1786 1397 1818 aut
1438 1776 1654 1819 humilioris
1694 1788 1830 1818 comm

504 1842 591 1883 situs
624 1841 817 1895 longiores
849 1851 913 1882 aut
933 1842 1154 1883 breuiores..
1203 1841 1428 1894 Maximae,
1460 1853 1555 1896 quae
1585 1839 1742 1892 infimis,
1763 1851 1832 1895 pe-

506 1907 608 1948 tiolis
639 1905 853 1961 subiacent,
889 1919 913 1946 2
949 1905 1185 1962 longitudine
1215 1915 1255 1948 et
1287 1914 1302 1956 3
1334 1907 1398 1948 lin.
1433 1905 1627 1948 latitudine
1664 1904 1735 1947 vix
1778 1902 1835 1945 su·

505 1980 653 2025 pemut.

627 2035 882 2078 Perianthium
917 2034 1199 2090 quinque-‚fidum
1219 2065 1229 2084 ‚
1267 2033 1408 2075 laciniis
1440 2034 1563 2075 ouatis
1582 2068 1592 2087 ‚
1631 2033 1837 2085 concauis,

508 2098 681 2152 margine
716 2099 842 2151 pilosis
861 2133 871 2152 ,
906 2100 1040 2141 erectis
1069 2107 1107 2141 ct
1146 2097 1219 2140 fere
1253 2098 1568 2154 conniucntibus,
1600 2099 1696 2142 albis
1742 2108 1835 2139 cum

504 2174 624 2220 pauca
655 2161 767 2205 viridi
800 2164 972 2207 tinCtura.

1670 2221 1830 2269 Corona
