<?xml version="1.0" encoding="UTF-8"?>
<!DOCTYPE html PUBLIC "-//W3C//DTD XHTML 1.0 Transitional//EN"
    "http://www.w3.org/TR/xhtml1/DTD/xhtml1-transitional.dtd">
<html xmlns="http://www.w3.org/1999/xhtml" xml:lang="en" lang="en">
 <head>
  <title>
</title>
<meta http-equiv="Content-Type" content="text/html;charset=utf-8" />
  <meta name='ocr-system' content='tesseract 3.04.00' />
  <meta name='ocr-capabilities' content='ocr_page ocr_carea ocr_par ocr_line ocrx_word'/>
</head>
<body>
  <div class='ocr_page' id='page_1' title='image "./novicommentariac02impe_0303.png"; bbox 0 0 1971 2700; ppageno 0'>
   <div class='ocr_carea' id='block_1_1' title="bbox 144 211 1654 2352">
    <p class='ocr_par' dir='ltr' id='par_1_1' title="bbox 144 211 1654 2352">
     <span class='ocr_line' id='line_1_1' title="bbox 158 211 1460 271; baseline 0 -12"><span class='ocrx_word' id='word_1_1' title='bbox 158 216 417 259; x_wconf 69' lang='lat' dir='ltr'><em>MVSCVLI</em></span> <span class='ocrx_word' id='word_1_2' title='bbox 435 216 500 259; x_wconf 85' lang='lat' dir='ltr'>IN</span> <span class='ocrx_word' id='word_1_3' title='bbox 519 211 774 258; x_wconf 79' lang='lat' dir='ltr'><em>PECTORE</em></span> <span class='ocrx_word' id='word_1_4' title='bbox 791 213 1355 260; x_wconf 73' lang='lat' dir='ltr'><em>PRAETERNATVRAL.</em></span> <span class='ocrx_word' id='word_1_5' title='bbox 1375 222 1460 271; x_wconf 85' lang='lat'>267</span> 
     </span>
     <span class='ocr_line' id='line_1_2' title="bbox 158 289 1463 348; baseline -0.001 -12"><span class='ocrx_word' id='word_1_6' title='bbox 158 297 273 336; x_wconf 85' lang='lat' dir='ltr'>tionis</span> <span class='ocrx_word' id='word_1_7' title='bbox 345 289 611 346; x_wconf 81' lang='lat' dir='ltr'>validissimo.)</span> <span class='ocrx_word' id='word_1_8' title='bbox 662 290 854 345; x_wconf 84' lang='lat' dir='ltr'>Simulque</span> <span class='ocrx_word' id='word_1_9' title='bbox 904 294 1012 346; x_wconf 85' lang='lat' dir='ltr'>plus,</span> <span class='ocrx_word' id='word_1_10' title='bbox 1069 306 1180 346; x_wconf 81' lang='lat' dir='ltr'>quam</span> <span class='ocrx_word' id='word_1_11' title='bbox 1231 294 1430 335; x_wconf 81' lang='lat' dir='ltr'>dimidiam</span> <span class='ocrx_word' id='word_1_12' title='bbox 1452 328 1463 348; x_wconf 80' lang='lat'>‚</span> 
     </span>
     <span class='ocr_line' id='line_1_3' title="bbox 157 355 1463 412; baseline -0.002 -13"><span class='ocrx_word' id='word_1_13' title='bbox 157 371 314 412; x_wconf 86' lang='lat' dir='ltr'>eamque</span> <span class='ocrx_word' id='word_1_14' title='bbox 363 360 572 398; x_wconf 76' lang='lat' dir='ltr'>interiorem</span> <span class='ocrx_word' id='word_1_15' title='bbox 605 364 642 394; x_wconf 88' lang='lat' dir='ltr'>et</span> <span class='ocrx_word' id='word_1_16' title='bbox 676 355 871 407; x_wconf 83' lang='lat' dir='ltr'>mediam,</span> <span class='ocrx_word' id='word_1_17' title='bbox 913 368 1063 409; x_wconf 89' lang='lat' dir='ltr'>partem</span> <span class='ocrx_word' id='word_1_18' title='bbox 1106 357 1326 409; x_wconf 80' lang='lat' dir='ltr'>cartilaginis</span> <span class='ocrx_word' id='word_1_19' title='bbox 1376 358 1463 398; x_wconf 86' lang='lat' dir='ltr'>ster-</span> 
     </span>
     <span class='ocr_line' id='line_1_4' title="bbox 156 417 1464 475; baseline -0.001 -14"><span class='ocrx_word' id='word_1_20' title='bbox 156 423 197 461; x_wconf 90' lang='lat' dir='ltr'>ni</span> <span class='ocrx_word' id='word_1_21' title='bbox 231 423 354 475; x_wconf 83' lang='lat' dir='ltr'>tegit‚</span> <span class='ocrx_word' id='word_1_22' title='bbox 401 420 461 460; x_wconf 80' lang='lat' dir='ltr'>sub</span> <span class='ocrx_word' id='word_1_23' title='bbox 493 417 629 458; x_wconf 67' lang='lat' dir='ltr'>attactu</span> <span class='ocrx_word' id='word_1_24' title='bbox 670 418 821 458; x_wconf 84' lang='lat' dir='ltr'>musculi</span> <span class='ocrx_word' id='word_1_25' title='bbox 868 421 1056 473; x_wconf 74' lang='lat' dir='ltr'>Vtriusque</span> <span class='ocrx_word' id='word_1_26' title='bbox 1088 420 1360 462; x_wconf 76' lang='lat' dir='ltr'>absconditam:</span> <span class='ocrx_word' id='word_1_27' title='bbox 1408 423 1464 460; x_wconf 92' lang='lat' dir='ltr'>in-</span> 
     </span>
     <span class='ocr_line' id='line_1_5' title="bbox 155 480 1464 533; baseline -0.002 -7"><span class='ocrx_word' id='word_1_28' title='bbox 155 487 202 526; x_wconf 91' lang='lat' dir='ltr'>de</span> <span class='ocrx_word' id='word_1_29' title='bbox 234 496 355 525; x_wconf 88' lang='lat' dir='ltr'>autem</span> <span class='ocrx_word' id='word_1_30' title='bbox 387 484 431 524; x_wconf 87' lang='lat' dir='ltr'>ad</span> <span class='ocrx_word' id='word_1_31' title='bbox 465 480 696 522; x_wconf 82' lang='lat' dir='ltr'>insertionem</span> <span class='ocrx_word' id='word_1_32' title='bbox 731 481 831 522; x_wconf 83' lang='lat' dir='ltr'>suam</span> <span class='ocrx_word' id='word_1_33' title='bbox 868 483 980 523; x_wconf 60' lang='lat' dir='ltr'>ductu</span> <span class='ocrx_word' id='word_1_34' title='bbox 999 485 1125 524; x_wconf 86' lang='lat' dir='ltr'>lunato</span> <span class='ocrx_word' id='word_1_35' title='bbox 1142 496 1332 524; x_wconf 76' lang='lat' dir='ltr'>connexus</span> <span class='ocrx_word' id='word_1_36' title='bbox 1353 515 1363 533; x_wconf 89' lang='lat'>,</span> <span class='ocrx_word' id='word_1_37' title='bbox 1395 485 1464 524; x_wconf 87' lang='lat' dir='ltr'>de·</span> 
     </span>
     <span class='ocr_line' id='line_1_6' title="bbox 154 544 1462 601; baseline 0 -13"><span class='ocrx_word' id='word_1_38' title='bbox 154 549 241 589; x_wconf 90' lang='lat' dir='ltr'>inde</span> <span class='ocrx_word' id='word_1_39' title='bbox 273 547 435 600; x_wconf 90' lang='lat' dir='ltr'>obliquus</span> <span class='ocrx_word' id='word_1_40' title='bbox 467 546 654 598; x_wconf 76' lang='lat' dir='ltr'>Vtrimque</span> <span class='ocrx_word' id='word_1_41' title='bbox 689 544 932 599; x_wconf 80' lang='lat' dir='ltr'>adscendens,</span> <span class='ocrx_word' id='word_1_42' title='bbox 965 557 1113 600; x_wconf 83' lang='lat' dir='ltr'>partem</span> <span class='ocrx_word' id='word_1_43' title='bbox 1149 547 1378 601; x_wconf 88' lang='lat' dir='ltr'>superiorem</span> <span class='ocrx_word' id='word_1_44' title='bbox 1405 549 1462 588; x_wconf 88' lang='lat' dir='ltr'>di-</span> 
     </span>
     <span class='ocr_line' id='line_1_7' title="bbox 153 608 1460 665; baseline -0.002 -12"><span class='ocrx_word' id='word_1_45' title='bbox 153 611 238 653; x_wconf 66' lang='lat' dir='ltr'>fiae</span> <span class='ocrx_word' id='word_1_46' title='bbox 269 609 485 663; x_wconf 80' lang='lat' dir='ltr'>cartilaginis</span> <span class='ocrx_word' id='word_1_47' title='bbox 515 608 635 648; x_wconf 86' lang='lat' dir='ltr'>sterno</span> <span class='ocrx_word' id='word_1_48' title='bbox 667 610 919 662; x_wconf 83' lang='lat' dir='ltr'>continuam,</span> <span class='ocrx_word' id='word_1_49' title='bbox 953 611 1105 651; x_wconf 77' lang='lat' dir='ltr'>liberam</span> <span class='ocrx_word' id='word_1_50' title='bbox 1157 611 1332 665; x_wconf 89' lang='lat' dir='ltr'>relinquit</span> <span class='ocrx_word' id='word_1_51' title='bbox 1353 643 1364 662; x_wconf 94' lang='lat'>,</span> <span class='ocrx_word' id='word_1_52' title='bbox 1406 620 1460 651; x_wconf 88' lang='lat' dir='ltr'>at-</span> 
     </span>
     <span class='ocr_line' id='line_1_8' title="bbox 153 671 1461 728; baseline -0.001 -13"><span class='ocrx_word' id='word_1_53' title='bbox 153 687 226 728; x_wconf 91' lang='lat' dir='ltr'>que</span> <span class='ocrx_word' id='word_1_54' title='bbox 259 674 385 724; x_wconf 88' lang='lat' dir='ltr'>fibris,</span> <span class='ocrx_word' id='word_1_55' title='bbox 416 684 508 726; x_wconf 87' lang='lat' dir='ltr'>qnae</span> <span class='ocrx_word' id='word_1_56' title='bbox 547 671 710 712; x_wconf 84' lang='lat' dir='ltr'>limbum</span> <span class='ocrx_word' id='word_1_57' title='bbox 761 672 977 713; x_wconf 89' lang='lat' dir='ltr'>interiorem</span> <span class='ocrx_word' id='word_1_58' title='bbox 1030 673 1285 724; x_wconf 87' lang='lat' dir='ltr'>constituunt,</span> <span class='ocrx_word' id='word_1_59' title='bbox 1339 674 1461 727; x_wconf 86' lang='lat' dir='ltr'>magis</span> 
     </span>
     <span class='ocr_line' id='line_1_9' title="bbox 153 734 1459 790; baseline -0.001 -12"><span class='ocrx_word' id='word_1_60' title='bbox 153 737 350 778; x_wconf 65' lang='lat' dir='ltr'>continetis</span> <span class='ocrx_word' id='word_1_61' title='bbox 383 734 547 776; x_wconf 81' lang='lat' dir='ltr'>inseritur</span> <span class='ocrx_word' id='word_1_62' title='bbox 564 735 777 788; x_wconf 73' lang='lat' dir='ltr'>cartilaginis</span> <span class='ocrx_word' id='word_1_63' title='bbox 795 735 913 775; x_wconf 80' lang='lat' dir='ltr'>costae</span> <span class='ocrx_word' id='word_1_64' title='bbox 932 737 1110 788; x_wconf 82' lang='lat' dir='ltr'>septimae</span> <span class='ocrx_word' id='word_1_65' title='bbox 1126 746 1303 777; x_wconf 83' lang='lat' dir='ltr'>extremo</span> <span class='ocrx_word' id='word_1_66' title='bbox 1327 739 1459 790; x_wconf 87' lang='lat' dir='ltr'>proxi-</span> 
     </span>
     <span class='ocr_line' id='line_1_10' title="bbox 155 797 1460 853; baseline -0.002 -12"><span class='ocrx_word' id='word_1_67' title='bbox 155 814 220 841; x_wconf 89' lang='lat' dir='ltr'>me</span> <span class='ocrx_word' id='word_1_68' title='bbox 238 833 250 853; x_wconf 89' lang='lat'>,</span> <span class='ocrx_word' id='word_1_69' title='bbox 283 801 346 841; x_wconf 80' lang='lat' dir='ltr'>vbi</span> <span class='ocrx_word' id='word_1_70' title='bbox 379 800 452 840; x_wconf 93' lang='lat' dir='ltr'>hoc</span> <span class='ocrx_word' id='word_1_71' title='bbox 484 812 569 839; x_wconf 90' lang='lat' dir='ltr'>cnm</span> <span class='ocrx_word' id='word_1_72' title='bbox 600 798 724 838; x_wconf 88' lang='lat' dir='ltr'>sterno</span> <span class='ocrx_word' id='word_1_73' title='bbox 753 797 888 838; x_wconf 87' lang='lat' dir='ltr'>sulcato</span> <span class='ocrx_word' id='word_1_74' title='bbox 911 830 922 851; x_wconf 82' lang='lat'>‚</span> <span class='ocrx_word' id='word_1_75' title='bbox 954 811 1020 852; x_wconf 90' lang='lat' dir='ltr'>per</span> <span class='ocrx_word' id='word_1_76' title='bbox 1037 799 1118 839; x_wconf 91' lang='lat' dir='ltr'>lene</span> <span class='ocrx_word' id='word_1_77' title='bbox 1150 798 1335 839; x_wconf 86' lang='lat' dir='ltr'>mobilem</span> <span class='ocrx_word' id='word_1_78' title='bbox 1370 801 1460 839; x_wconf 83' lang='lat' dir='ltr'>arti-</span> 
     </span>
     <span class='ocr_line' id='line_1_11' title="bbox 153 861 1457 916; baseline -0.002 -12"><span class='ocrx_word' id='word_1_79' title='bbox 153 864 278 904; x_wconf 90' lang='lat' dir='ltr'>culum</span> <span class='ocrx_word' id='word_1_80' title='bbox 296 896 306 915; x_wconf 89' lang='lat'>,</span> <span class='ocrx_word' id='word_1_81' title='bbox 337 865 502 916; x_wconf 85' lang='lat' dir='ltr'>iungitur</span> <span class='ocrx_word' id='word_1_82' title='bbox 521 894 530 911; x_wconf 89' lang='lat'><em>‚</em></span> <span class='ocrx_word' id='word_1_83' title='bbox 565 871 671 916; x_wconf 90' lang='lat' dir='ltr'>atque</span> <span class='ocrx_word' id='word_1_84' title='bbox 706 861 787 902; x_wconf 89' lang='lat' dir='ltr'>inde</span> <span class='ocrx_word' id='word_1_85' title='bbox 806 862 1018 902; x_wconf 89' lang='lat' dir='ltr'>extrorsum</span> <span class='ocrx_word' id='word_1_86' title='bbox 1050 863 1095 902; x_wconf 88' lang='lat' dir='ltr'>ad</span> <span class='ocrx_word' id='word_1_87' title='bbox 1129 862 1457 902; x_wconf 84' lang='lat' dir='ltr'>continuationem</span> 
     </span>
     <span class='ocr_line' id='line_1_12' title="bbox 152 924 1460 979; baseline -0.002 -12"><span class='ocrx_word' id='word_1_88' title='bbox 152 928 311 967; x_wconf 87' lang='lat' dir='ltr'>extremi</span> <span class='ocrx_word' id='word_1_89' title='bbox 343 927 457 967; x_wconf 89' lang='lat' dir='ltr'>medii</span> <span class='ocrx_word' id='word_1_90' title='bbox 488 927 591 966; x_wconf 83' lang='lat' dir='ltr'>iuxta</span> <span class='ocrx_word' id='word_1_91' title='bbox 624 925 657 965; x_wconf 86' lang='lat' dir='ltr'>se</span> <span class='ocrx_word' id='word_1_92' title='bbox 690 924 970 979; x_wconf 75' lang='lat' dir='ltr'>adscendentisz,</span> <span class='ocrx_word' id='word_1_93' title='bbox 1020 937 1142 979; x_wconf 88' lang='lat' dir='ltr'>neque</span> <span class='ocrx_word' id='word_1_94' title='bbox 1175 938 1343 979; x_wconf 87' lang='lat' dir='ltr'>vnquam</span> <span class='ocrx_word' id='word_1_95' title='bbox 1377 925 1460 966; x_wconf 79' lang='lat' dir='ltr'>vidi</span> 
     </span>
     <span class='ocr_line' id='line_1_13' title="bbox 151 987 1458 1041; baseline -0.002 -11"><span class='ocrx_word' id='word_1_96' title='bbox 151 990 212 1030; x_wconf 78' lang='lat' dir='ltr'>vel</span> <span class='ocrx_word' id='word_1_97' title='bbox 244 992 393 1031; x_wconf 87' lang='lat' dir='ltr'>vnicam</span> <span class='ocrx_word' id='word_1_98' title='bbox 415 989 549 1030; x_wconf 85' lang='lat' dir='ltr'>fibram</span> <span class='ocrx_word' id='word_1_99' title='bbox 585 988 779 1028; x_wconf 79' lang='lat' dir='ltr'>lateraliter</span> <span class='ocrx_word' id='word_1_100' title='bbox 811 987 917 1041; x_wconf 87' lang='lat' dir='ltr'>infigi</span> <span class='ocrx_word' id='word_1_101' title='bbox 951 989 1159 1041; x_wconf 79' lang='lat' dir='ltr'>cartilagini</span> <span class='ocrx_word' id='word_1_102' title='bbox 1192 998 1458 1040; x_wconf 89' lang='lat' dir='ltr'>mucronatae,</span> 
     </span>
     <span class='ocr_line' id='line_1_14' title="bbox 151 1051 1460 1106; baseline -0.001 -13"><span class='ocrx_word' id='word_1_103' title='bbox 151 1053 274 1093; x_wconf 87' lang='lat' dir='ltr'>multo</span> <span class='ocrx_word' id='word_1_104' title='bbox 308 1054 431 1094; x_wconf 87' lang='lat' dir='ltr'>minus</span> <span class='ocrx_word' id='word_1_105' title='bbox 462 1053 528 1106; x_wconf 77' lang='lat' dir='ltr'>ipsi</span> <span class='ocrx_word' id='word_1_106' title='bbox 559 1051 625 1092; x_wconf 85' lang='lat' dir='ltr'>offi</span> <span class='ocrx_word' id='word_1_107' title='bbox 658 1051 819 1104; x_wconf 70' lang='lat' dir='ltr'>pectoris</span> <span class='ocrx_word' id='word_1_108' title='bbox 839 1082 849 1100; x_wconf 86' lang='lat'>,</span> <span class='ocrx_word' id='word_1_109' title='bbox 884 1052 943 1092; x_wconf 90' lang='lat' dir='ltr'>sed</span> <span class='ocrx_word' id='word_1_110' title='bbox 977 1052 1131 1091; x_wconf 90' lang='lat' dir='ltr'>obseruo</span> <span class='ocrx_word' id='word_1_111' title='bbox 1180 1052 1290 1092; x_wconf 82' lang='lat' dir='ltr'>fibras</span> <span class='ocrx_word' id='word_1_112' title='bbox 1339 1053 1460 1105; x_wconf 84' lang='lat' dir='ltr'>graci-</span> 
     </span>
     <span class='ocr_line' id='line_1_15' title="bbox 151 1113 1459 1169; baseline -0.001 -14"><span class='ocrx_word' id='word_1_113' title='bbox 151 1116 201 1155; x_wconf 85' lang='lat' dir='ltr'>les</span> <span class='ocrx_word' id='word_1_114' title='bbox 219 1148 230 1167; x_wconf 86' lang='lat'>,</span> <span class='ocrx_word' id='word_1_115' title='bbox 264 1126 387 1156; x_wconf 88' lang='lat' dir='ltr'>tenues</span> <span class='ocrx_word' id='word_1_116' title='bbox 416 1124 461 1153; x_wconf 87' lang='lat' dir='ltr'>-et</span> <span class='ocrx_word' id='word_1_117' title='bbox 495 1116 620 1169; x_wconf 74' lang='lat' dir='ltr'>planas</span> <span class='ocrx_word' id='word_1_118' title='bbox 641 1147 651 1164; x_wconf 85' lang='lat'>‚</span> <span class='ocrx_word' id='word_1_119' title='bbox 681 1113 941 1167; x_wconf 85' lang='lat' dir='ltr'>splendentes,</span> <span class='ocrx_word' id='word_1_120' title='bbox 972 1115 1058 1153; x_wconf 90' lang='lat' dir='ltr'>oriri</span> <span class='ocrx_word' id='word_1_121' title='bbox 1090 1126 1140 1153; x_wconf 88' lang='lat' dir='ltr'>ex</span> <span class='ocrx_word' id='word_1_122' title='bbox 1174 1115 1300 1154; x_wconf 84' lang='lat' dir='ltr'>media</span> <span class='ocrx_word' id='word_1_123' title='bbox 1334 1124 1371 1153; x_wconf 91' lang='lat' dir='ltr'>et</span> <span class='ocrx_word' id='word_1_124' title='bbox 1404 1115 1459 1154; x_wconf 87' lang='lat' dir='ltr'>su-</span> 
     </span>
     <span class='ocr_line' id='line_1_16' title="bbox 148 1175 1457 1231; baseline -0.001 -13"><span class='ocrx_word' id='word_1_125' title='bbox 148 1180 296 1231; x_wconf 88' lang='lat' dir='ltr'>periore</span> <span class='ocrx_word' id='word_1_126' title='bbox 327 1188 434 1230; x_wconf 86' lang='lat' dir='ltr'>parte</span> <span class='ocrx_word' id='word_1_127' title='bbox 465 1178 627 1215; x_wconf 83' lang='lat' dir='ltr'>eiusdem</span> <span class='ocrx_word' id='word_1_128' title='bbox 649 1207 659 1225; x_wconf 78' lang='lat'>,</span> <span class='ocrx_word' id='word_1_129' title='bbox 694 1188 787 1228; x_wconf 86' lang='lat' dir='ltr'>quae</span> <span class='ocrx_word' id='word_1_130' title='bbox 819 1175 966 1215; x_wconf 87' lang='lat' dir='ltr'>decursu</span> <span class='ocrx_word' id='word_1_131' title='bbox 998 1176 1094 1215; x_wconf 83' lang='lat' dir='ltr'>inter</span> <span class='ocrx_word' id='word_1_132' title='bbox 1125 1176 1160 1217; x_wconf 94' lang='lat' dir='ltr'>se</span> <span class='ocrx_word' id='word_1_133' title='bbox 1190 1176 1387 1231; x_wconf 84' lang='lat' dir='ltr'>parallelae</span> <span class='ocrx_word' id='word_1_134' title='bbox 1411 1177 1457 1217; x_wconf 90' lang='lat' dir='ltr'>li-</span> 
     </span>
     <span class='ocr_line' id='line_1_17' title="bbox 146 1237 1654 1312; baseline 0.001 -32"><span class='ocrx_word' id='word_1_135' title='bbox 146 1249 362 1293; x_wconf 84' lang='lat' dir='ltr'>gamentum</span> <span class='ocrx_word' id='word_1_136' title='bbox 393 1237 557 1278; x_wconf 86' lang='lat' dir='ltr'>formant</span> <span class='ocrx_word' id='word_1_137' title='bbox 575 1246 682 1276; x_wconf 87' lang='lat' dir='ltr'>tenue</span> <span class='ocrx_word' id='word_1_138' title='bbox 703 1270 714 1290; x_wconf 85' lang='lat'>‚</span> <span class='ocrx_word' id='word_1_139' title='bbox 732 1238 791 1278; x_wconf 88' lang='lat' dir='ltr'>sed</span> <span class='ocrx_word' id='word_1_140' title='bbox 825 1238 1015 1279; x_wconf 90' lang='lat' dir='ltr'>robustum</span> <span class='ocrx_word' id='word_1_141' title='bbox 1054 1238 1144 1294; x_wconf 86' lang='lat'>(1),</span> <span class='ocrx_word' id='word_1_142' title='bbox 1164 1253 1240 1281; x_wconf 90' lang='lat' dir='ltr'>non</span> <span class='ocrx_word' id='word_1_143' title='bbox 1259 1240 1371 1282; x_wconf 86' lang='lat' dir='ltr'>valde</span> <span class='ocrx_word' id='word_1_144' title='bbox 1403 1240 1448 1281; x_wconf 77' lang='lat' dir='ltr'>la·</span> <span class='ocrx_word' id='word_1_145' title='bbox 1467 1240 1654 1312; x_wconf 41' lang='lat' dir='ltr'>(UT-⁶¹25?-</span> 
     </span>
     <span class='ocr_line' id='line_1_18' title="bbox 146 1284 1639 1358; baseline 0.003 -17"><span class='ocrx_word' id='word_1_146' title='bbox 146 1311 229 1342; x_wconf 91' lang='lat' dir='ltr'>tum</span> <span class='ocrx_word' id='word_1_147' title='bbox 249 1333 260 1353; x_wconf 86' lang='lat'>‚</span> <span class='ocrx_word' id='word_1_148' title='bbox 290 1300 389 1355; x_wconf 90' lang='lat' dir='ltr'>quod</span> <span class='ocrx_word' id='word_1_149' title='bbox 423 1300 571 1346; x_wconf 80' lang='lat' dir='ltr'>oblique</span> <span class='ocrx_word' id='word_1_150' title='bbox 604 1300 728 1341; x_wconf 87' lang='lat' dir='ltr'>versus</span> <span class='ocrx_word' id='word_1_151' title='bbox 759 1302 1012 1354; x_wconf 85' lang='lat' dir='ltr'>cartilaginem</span> <span class='ocrx_word' id='word_1_152' title='bbox 1045 1303 1167 1344; x_wconf 85' lang='lat' dir='ltr'>costae</span> <span class='ocrx_word' id='word_1_153' title='bbox 1199 1303 1382 1358; x_wconf 87' lang='lat' dir='ltr'>septimae</span> <span class='ocrx_word' id='word_1_154' title='bbox 1399 1284 1555 1344; x_wconf 46' lang='grc' dir='ltr'>[ιι-ΡΨ·</span> <span class='ocrx_word' id='word_1_155' title='bbox 1630 1296 1639 1306; x_wconf 78' lang='grc'><strong>”</strong></span> 
     </span>
     <span class='ocr_line' id='line_1_19' title="bbox 146 1362 1455 1418; baseline 0.004 -14"><span class='ocrx_word' id='word_1_156' title='bbox 146 1376 214 1417; x_wconf 90' lang='lat' dir='ltr'>per</span> <span class='ocrx_word' id='word_1_157' title='bbox 232 1363 446 1404; x_wconf 69' lang='lat' dir='ltr'>musculoffis</span> <span class='ocrx_word' id='word_1_158' title='bbox 464 1363 571 1404; x_wconf 87' lang='lat' dir='ltr'>fibras</span> <span class='ocrx_word' id='word_1_159' title='bbox 604 1362 818 1415; x_wconf 78' lang='lat' dir='ltr'>extensum,</span> <span class='ocrx_word' id='word_1_160' title='bbox 837 1365 937 1418; x_wconf 86' lang='lat' dir='ltr'>supra</span> <span class='ocrx_word' id='word_1_161' title='bbox 966 1365 1098 1407; x_wconf 86' lang='lat' dir='ltr'>harum</span> <span class='ocrx_word' id='word_1_162' title='bbox 1127 1367 1361 1409; x_wconf 89' lang='lat' dir='ltr'>insertionem</span> <span class='ocrx_word' id='word_1_163' title='bbox 1398 1369 1455 1408; x_wconf 92' lang='lat' dir='ltr'>in-</span> 
     </span>
     <span class='ocr_line' id='line_1_20' title="bbox 144 1427 1455 1484; baseline 0.003 -18"><span class='ocrx_word' id='word_1_164' title='bbox 144 1437 307 1478; x_wconf 79' lang='lat' dir='ltr'>ternam,</span> <span class='ocrx_word' id='word_1_165' title='bbox 330 1428 380 1467; x_wconf 91' lang='lat' dir='ltr'>illi</span> <span class='ocrx_word' id='word_1_166' title='bbox 413 1427 577 1480; x_wconf 83' lang='lat' dir='ltr'>infigitur</span> <span class='ocrx_word' id='word_1_167' title='bbox 594 1427 661 1482; x_wconf 84' lang='lat' dir='ltr'>(a).</span> <span class='ocrx_word' id='word_1_168' title='bbox 710 1429 864 1470; x_wconf 84' lang='lat' dir='ltr'>Retinet</span> <span class='ocrx_word' id='word_1_169' title='bbox 883 1428 957 1469; x_wconf 91' lang='lat' dir='ltr'>hoc</span> <span class='ocrx_word' id='word_1_170' title='bbox 989 1429 1238 1482; x_wconf 86' lang='lat' dir='ltr'>ligamentum</span> <span class='ocrx_word' id='word_1_171' title='bbox 1271 1431 1455 1484; x_wconf 87' lang='lat' dir='ltr'>cartilagi-</span> 
     </span>
     <span class='ocr_line' id='line_1_21' title="bbox 146 1491 1454 1547; baseline 0.005 -19"><span class='ocrx_word' id='word_1_172' title='bbox 146 1501 235 1529; x_wconf 87' lang='lat' dir='ltr'>nem</span> <span class='ocrx_word' id='word_1_173' title='bbox 266 1491 406 1532; x_wconf 53' lang='lat' dir='ltr'>dictim</span> <span class='ocrx_word' id='word_1_174' title='bbox 441 1492 484 1531; x_wconf 86' lang='lat' dir='ltr'>ad</span> <span class='ocrx_word' id='word_1_175' title='bbox 520 1491 682 1531; x_wconf 88' lang='lat' dir='ltr'>sternnm</span> <span class='ocrx_word' id='word_1_176' title='bbox 718 1492 756 1531; x_wconf 86' lang='lat' dir='ltr'>in</span> <span class='ocrx_word' id='word_1_177' title='bbox 792 1492 857 1531; x_wconf 85' lang='lat' dir='ltr'>situ</span> <span class='ocrx_word' id='word_1_178' title='bbox 889 1492 1094 1545; x_wconf 79' lang='lat' dir='ltr'>depressam</span> <span class='ocrx_word' id='word_1_179' title='bbox 1116 1526 1126 1544; x_wconf 87' lang='lat'>,</span> <span class='ocrx_word' id='word_1_180' title='bbox 1159 1506 1252 1547; x_wconf 85' lang='lat' dir='ltr'>quae</span> <span class='ocrx_word' id='word_1_181' title='bbox 1271 1526 1282 1546; x_wconf 83' lang='lat'>,</span> <span class='ocrx_word' id='word_1_182' title='bbox 1315 1495 1454 1534; x_wconf 91' lang='lat' dir='ltr'>eodem</span> 
     </span>
     <span class='ocr_line' id='line_1_22' title="bbox 148 1548 1454 1609; baseline 0.004 -18"><span class='ocrx_word' id='word_1_183' title='bbox 148 1552 315 1605; x_wconf 73' lang='lat' dir='ltr'>descisso,</span> <span class='ocrx_word' id='word_1_184' title='bbox 345 1548 518 1608; x_wconf 77' lang='lat' dir='ltr'>prosilit3</span> <span class='ocrx_word' id='word_1_185' title='bbox 553 1567 599 1594; x_wconf 84' lang='lat' dir='ltr'>an</span> <span class='ocrx_word' id='word_1_186' title='bbox 634 1567 723 1595; x_wconf 91' lang='lat' dir='ltr'>vero</span> <span class='ocrx_word' id='word_1_187' title='bbox 755 1555 891 1609; x_wconf 86' lang='lat' dir='ltr'>aliquid</span> <span class='ocrx_word' id='word_1_188' title='bbox 924 1557 1039 1595; x_wconf 90' lang='lat' dir='ltr'>etiam</span> <span class='ocrx_word' id='word_1_189' title='bbox 1073 1556 1212 1597; x_wconf 87' lang='lat' dir='ltr'>efficiat</span> <span class='ocrx_word' id='word_1_190' title='bbox 1245 1558 1281 1596; x_wconf 92' lang='lat' dir='ltr'>in</span> <span class='ocrx_word' id='word_1_191' title='bbox 1303 1557 1454 1597; x_wconf 86' lang='lat' dir='ltr'>musculi</span> 
     </span>
     <span class='ocr_line' id='line_1_23' title="bbox 148 1615 1451 1672; baseline 0.005 -19"><span class='ocrx_word' id='word_1_192' title='bbox 148 1615 369 1657; x_wconf 79' lang='lat' dir='ltr'>validissime</span> <span class='ocrx_word' id='word_1_193' title='bbox 388 1619 527 1671; x_wconf 85' lang='lat' dir='ltr'>agentis</span> <span class='ocrx_word' id='word_1_194' title='bbox 554 1628 730 1658; x_wconf 84' lang='lat' dir='ltr'>extremo</span> <span class='ocrx_word' id='word_1_195' title='bbox 748 1618 906 1672; x_wconf 86' lang='lat' dir='ltr'>angulo,</span> <span class='ocrx_word' id='word_1_196' title='bbox 925 1631 1040 1672; x_wconf 85' lang='lat' dir='ltr'>quem</span> <span class='ocrx_word' id='word_1_197' title='bbox 1060 1620 1174 1672; x_wconf 85' lang='lat' dir='ltr'>tegit,</span> <span class='ocrx_word' id='word_1_198' title='bbox 1213 1620 1451 1669; x_wconf 72' lang='lat' dir='ltr'>coercendo,</span> 
     </span>
     <span class='ocr_line' id='line_1_24' title="bbox 148 1679 1454 1736; baseline 0.005 -20"><span class='ocrx_word' id='word_1_199' title='bbox 148 1679 217 1717; x_wconf 80' lang='lat' dir='ltr'>vix</span> <span class='ocrx_word' id='word_1_200' title='bbox 250 1679 410 1720; x_wconf 86' lang='lat' dir='ltr'>affirmo.</span> <span class='ocrx_word' id='word_1_201' title='bbox 466 1681 605 1735; x_wconf 89' lang='lat' dir='ltr'>Neque</span> <span class='ocrx_word' id='word_1_202' title='bbox 626 1682 762 1734; x_wconf 86' lang='lat' dir='ltr'>reliqua</span> <span class='ocrx_word' id='word_1_203' title='bbox 801 1681 952 1722; x_wconf 86' lang='lat' dir='ltr'>musculi</span> <span class='ocrx_word' id='word_1_204' title='bbox 987 1681 1090 1735; x_wconf 85' lang='lat' dir='ltr'>supra</span> <span class='ocrx_word' id='word_1_205' title='bbox 1127 1683 1256 1736; x_wconf 63' lang='lat' dir='ltr'>pectus</span> <span class='ocrx_word' id='word_1_206' title='bbox 1282 1683 1454 1723; x_wconf 77' lang='lat' dir='ltr'>extensio</span> 
     </span>
     <span class='ocr_line' id='line_1_25' title="bbox 149 1742 1454 1798; baseline 0.005 -18"><span class='ocrx_word' id='word_1_207' title='bbox 149 1743 309 1793; x_wconf 72' lang='lat' dir='ltr'>partibus</span> <span class='ocrx_word' id='word_1_208' title='bbox 324 1742 490 1783; x_wconf 66' lang='lat' dir='ltr'>subiectis</span> <span class='ocrx_word' id='word_1_209' title='bbox 508 1757 575 1796; x_wconf 88' lang='lat' dir='ltr'>per</span> <span class='ocrx_word' id='word_1_210' title='bbox 595 1744 704 1784; x_wconf 80' lang='lat' dir='ltr'>fibras</span> <span class='ocrx_word' id='word_1_211' title='bbox 722 1744 940 1785; x_wconf 81' lang='lat' dir='ltr'>musculares</span> <span class='ocrx_word' id='word_1_212' title='bbox 971 1749 1153 1798; x_wconf 77' lang='lat' dir='ltr'>carnosas,</span> <span class='ocrx_word' id='word_1_213' title='bbox 1181 1746 1243 1786; x_wconf 73' lang='lat' dir='ltr'>vel</span> <span class='ocrx_word' id='word_1_214' title='bbox 1279 1747 1454 1787; x_wconf 86' lang='lat' dir='ltr'>tendino-</span> 
     </span>
     <span class='ocr_line' id='line_1_26' title="bbox 147 1803 1452 1860; baseline 0.005 -17"><span class='ocrx_word' id='word_1_215' title='bbox 147 1803 228 1854; x_wconf 76' lang='lat' dir='ltr'>sas,</span> <span class='ocrx_word' id='word_1_216' title='bbox 261 1804 452 1858; x_wconf 86' lang='lat' dir='ltr'>affigitur,</span> <span class='ocrx_word' id='word_1_217' title='bbox 502 1815 563 1845; x_wconf 84' lang='lat' dir='ltr'>aut</span> <span class='ocrx_word' id='word_1_218' title='bbox 594 1808 639 1846; x_wconf 89' lang='lat' dir='ltr'>ab</span> <span class='ocrx_word' id='word_1_219' title='bbox 674 1809 806 1847; x_wconf 85' lang='lat' dir='ltr'>iisdem</span> <span class='ocrx_word' id='word_1_220' title='bbox 848 1820 918 1860; x_wconf 89' lang='lat' dir='ltr'>per</span> <span class='ocrx_word' id='word_1_221' title='bbox 950 1808 1015 1848; x_wconf 85' lang='lat' dir='ltr'>has</span> <span class='ocrx_word' id='word_1_222' title='bbox 1049 1821 1176 1849; x_wconf 87' lang='lat' dir='ltr'>ortum</span> <span class='ocrx_word' id='word_1_223' title='bbox 1211 1810 1342 1860; x_wconf 88' lang='lat' dir='ltr'>ducit,</span> <span class='ocrx_word' id='word_1_224' title='bbox 1393 1809 1452 1850; x_wconf 91' lang='lat' dir='ltr'>sed</span> 
     </span>
     <span class='ocr_line' id='line_1_27' title="bbox 149 1867 1453 1926; baseline 0.005 -20"><span class='ocrx_word' id='word_1_225' title='bbox 149 1867 315 1907; x_wconf 88' lang='lat' dir='ltr'>molliter</span> <span class='ocrx_word' id='word_1_226' title='bbox 345 1869 402 1907; x_wconf 85' lang='lat' dir='ltr'>his</span> <span class='ocrx_word' id='word_1_227' title='bbox 434 1868 643 1909; x_wconf 61' lang='lat' dir='ltr'>annectitur</span> <span class='ocrx_word' id='word_1_228' title='bbox 675 1868 870 1922; x_wconf 83' lang='lat' dir='ltr'>superficie</span> <span class='ocrx_word' id='word_1_229' title='bbox 902 1871 957 1910; x_wconf 87' lang='lat' dir='ltr'>sua</span> <span class='ocrx_word' id='word_1_230' title='bbox 993 1871 1149 1911; x_wconf 71' lang='lat' dir='ltr'>interiori</span> <span class='ocrx_word' id='word_1_231' title='bbox 1190 1884 1258 1924; x_wconf 89' lang='lat' dir='ltr'>per</span> <span class='ocrx_word' id='word_1_232' title='bbox 1299 1883 1453 1926; x_wconf 89' lang='lat' dir='ltr'>tegmen</span> 
     </span>
     <span class='ocr_line' id='line_1_28' title="bbox 146 1930 1450 1988; baseline 0.005 -19"><span class='ocrx_word' id='word_1_233' title='bbox 146 1939 258 1970; x_wconf 89' lang='lat' dir='ltr'>tenue</span> <span class='ocrx_word' id='word_1_234' title='bbox 290 1930 501 1972; x_wconf 90' lang='lat' dir='ltr'>cellulosum</span> <span class='ocrx_word' id='word_1_235' title='bbox 521 1963 531 1982; x_wconf 84' lang='lat'>,</span> <span class='ocrx_word' id='word_1_236' title='bbox 565 1932 663 1982; x_wconf 87' lang='lat' dir='ltr'>quod</span> <span class='ocrx_word' id='word_1_237' title='bbox 697 1931 735 1971; x_wconf 92' lang='lat' dir='ltr'>in</span> <span class='ocrx_word' id='word_1_238' title='bbox 769 1932 886 1974; x_wconf 87' lang='lat' dir='ltr'>obefis</span> <span class='ocrx_word' id='word_1_239' title='bbox 926 1933 1140 1986; x_wconf 87' lang='lat' dir='ltr'>pinguescit.</span> <span class='ocrx_word' id='word_1_240' title='bbox 1216 1933 1277 1975; x_wconf 91' lang='lat' dir='ltr'>Sic</span> <span class='ocrx_word' id='word_1_241' title='bbox 1297 1968 1307 1988; x_wconf 86' lang='lat'>,</span> <span class='ocrx_word' id='word_1_242' title='bbox 1347 1945 1450 1976; x_wconf 87' lang='lat' dir='ltr'>ante-</span> 
     </span>
     <span class='ocr_line' id='line_1_29' title="bbox 146 1994 1452 2052; baseline 0.005 -20"><span class='ocrx_word' id='word_1_243' title='bbox 146 2006 258 2046; x_wconf 85' lang='lat' dir='ltr'>quam</span> <span class='ocrx_word' id='word_1_244' title='bbox 294 1994 472 2045; x_wconf 78' lang='lat' dir='ltr'>finditur,</span> <span class='ocrx_word' id='word_1_245' title='bbox 508 1995 600 2046; x_wconf 86' lang='lat' dir='ltr'>tegit</span> <span class='ocrx_word' id='word_1_246' title='bbox 640 1994 878 2036; x_wconf 84' lang='lat' dir='ltr'>latitudinem</span> <span class='ocrx_word' id='word_1_247' title='bbox 913 1996 1076 2049; x_wconf 62' lang='lat' dir='ltr'>pectoris</span> <span class='ocrx_word' id='word_1_248' title='bbox 1108 1998 1316 2050; x_wconf 81' lang='lat' dir='ltr'>inferioris,</span> <span class='ocrx_word' id='word_1_249' title='bbox 1359 2011 1452 2052; x_wconf 85' lang='lat' dir='ltr'>quae</span> 
     </span>
     <span class='ocr_line' id='line_1_30' title="bbox 146 2057 1450 2115; baseline 0.005 -19"><span class='ocrx_word' id='word_1_250' title='bbox 146 2058 239 2096; x_wconf 89' lang='lat' dir='ltr'>inter</span> <span class='ocrx_word' id='word_1_251' title='bbox 273 2057 407 2098; x_wconf 81' lang='lat' dir='ltr'>lineam</span> <span class='ocrx_word' id='word_1_252' title='bbox 441 2058 565 2097; x_wconf 82' lang='lat' dir='ltr'>albam</span> <span class='ocrx_word' id='word_1_253' title='bbox 599 2067 637 2096; x_wconf 92' lang='lat' dir='ltr'>et</span> <span class='ocrx_word' id='word_1_254' title='bbox 671 2057 788 2097; x_wconf 88' lang='lat' dir='ltr'>finem</span> <span class='ocrx_word' id='word_1_255' title='bbox 821 2060 1042 2112; x_wconf 82' lang='lat' dir='ltr'>cartilaginis</span> <span class='ocrx_word' id='word_1_256' title='bbox 1072 2061 1196 2100; x_wconf 87' lang='lat' dir='ltr'>costae</span> <span class='ocrx_word' id='word_1_257' title='bbox 1217 2074 1337 2101; x_wconf 83' lang='lat' dir='ltr'>nonae</span> <span class='ocrx_word' id='word_1_258' title='bbox 1367 2063 1450 2115; x_wconf 62' lang='lat' dir='ltr'>estg</span> 
     </span>
     <span class='ocr_line' id='line_1_31' title="bbox 145 2119 1450 2177; baseline 0.005 -18"><span class='ocrx_word' id='word_1_259' title='bbox 145 2130 252 2173; x_wconf 84' lang='lat' dir='ltr'>atque</span> <span class='ocrx_word' id='word_1_260' title='bbox 282 2131 440 2161; x_wconf 87' lang='lat' dir='ltr'>externo</span> <span class='ocrx_word' id='word_1_261' title='bbox 459 2119 522 2161; x_wconf 92' lang='lat' dir='ltr'>suo</span> <span class='ocrx_word' id='word_1_262' title='bbox 539 2121 651 2161; x_wconf 89' lang='lat' dir='ltr'>latere</span> <span class='ocrx_word' id='word_1_263' title='bbox 669 2121 902 2176; x_wconf 77' lang='lat' dir='ltr'>adscendens,</span> <span class='ocrx_word' id='word_1_264' title='bbox 929 2122 1036 2163; x_wconf 89' lang='lat' dir='ltr'>huius</span> <span class='ocrx_word' id='word_1_265' title='bbox 1052 2133 1268 2165; x_wconf 83' lang='lat' dir='ltr'>extremum</span> <span class='ocrx_word' id='word_1_266' title='bbox 1290 2158 1299 2177; x_wconf 85' lang='lat'>‚</span> <span class='ocrx_word' id='word_1_267' title='bbox 1317 2126 1450 2166; x_wconf 90' lang='lat' dir='ltr'>deinde</span> 
     </span>
     <span class='ocr_line' id='line_1_32' title="bbox 147 2182 1448 2242; baseline 0.005 -21"><span class='ocrx_word' id='word_1_268' title='bbox 147 2182 260 2223; x_wconf 87' lang='lat' dir='ltr'>finem</span> <span class='ocrx_word' id='word_1_269' title='bbox 280 2185 494 2238; x_wconf 82' lang='lat' dir='ltr'>cartilaginis</span> <span class='ocrx_word' id='word_1_270' title='bbox 511 2184 634 2225; x_wconf 83' lang='lat' dir='ltr'>costae</span> <span class='ocrx_word' id='word_1_271' title='bbox 663 2186 836 2238; x_wconf 56' lang='lat' dir='ltr'>cerame,</span> <span class='ocrx_word' id='word_1_272' title='bbox 858 2196 895 2227; x_wconf 89' lang='lat' dir='ltr'>et</span> <span class='ocrx_word' id='word_1_273' title='bbox 913 2187 1092 2240; x_wconf 82' lang='lat' dir='ltr'>septimae</span> <span class='ocrx_word' id='word_1_274' title='bbox 1109 2188 1252 2228; x_wconf 82' lang='lat' dir='ltr'>circiter</span> <span class='ocrx_word' id='word_1_275' title='bbox 1278 2200 1448 2242; x_wconf 82' lang='lat' dir='ltr'>quartam</span> 
     </span>
     <span class='ocr_line' id='line_1_33' title="bbox 147 2246 1449 2304; baseline 0.003 -19"><span class='ocrx_word' id='word_1_276' title='bbox 147 2247 310 2286; x_wconf 86' lang='lat' dir='ltr'>mediam</span> <span class='ocrx_word' id='word_1_277' title='bbox 331 2258 544 2289; x_wconf 86' lang='lat' dir='ltr'>extremam</span> <span class='ocrx_word' id='word_1_278' title='bbox 559 2246 697 2300; x_wconf 84' lang='lat' dir='ltr'>,sextae</span> <span class='ocrx_word' id='word_1_279' title='bbox 713 2250 881 2290; x_wconf 88' lang='lat' dir='ltr'>mediam</span> <span class='ocrx_word' id='word_1_280' title='bbox 893 2250 1152 2304; x_wconf 83' lang='lat' dir='ltr'>,longitudinis</span> <span class='ocrx_word' id='word_1_281' title='bbox 1170 2262 1449 2304; x_wconf 83' lang='lat' dir='ltr'>partem‚atque</span> 
     </span>
     <span class='ocr_line' id='line_1_34' title="bbox 713 2311 1449 2352; baseline -0.001 0"><span class='ocrx_word' id='word_1_282' title='bbox 713 2311 748 2352; x_wconf 91' lang='lat' dir='ltr'>L</span> <span class='ocrx_word' id='word_1_283' title='bbox 780 2313 792 2352; x_wconf 97' lang='lat' dir='ltr'>l</span> <span class='ocrx_word' id='word_1_284' title='bbox 827 2325 849 2351; x_wconf 84' lang='lat'>2</span> <span class='ocrx_word' id='word_1_285' title='bbox 1396 2314 1449 2351; x_wconf 91' lang='lat' dir='ltr'>in-</span> 
     </span>
    </p>
   </div>
   <div class='ocr_carea' id='block_1_2' title="bbox 292 2381 1191 2430">
    <p class='ocr_par' dir='ltr' id='par_1_2' title="bbox 292 2381 1191 2430">
     <span class='ocr_line' id='line_1_35' title="bbox 292 2381 1191 2430; baseline -0.001 -14"><span class='ocrx_word' id='word_1_286' title='bbox 292 2395 351 2430; x_wconf 48' lang='lat' dir='ltr'>te)</span> <span class='ocrx_word' id='word_1_287' title='bbox 372 2385 402 2416; x_wconf 62' lang='grc' dir='ltr'>Ὰ</span> <span class='ocrx_word' id='word_1_288' title='bbox 415 2385 575 2417; x_wconf 67' lang='grc' dir='ltr'>ωώῐεεὴιι</span> <span class='ocrx_word' id='word_1_289' title='bbox 601 2383 882 2430; x_wconf 57' lang='lat' dir='ltr'>byudeunologiae</span> <span class='ocrx_word' id='word_1_290' title='bbox 919 2384 990 2417; x_wconf 72' lang='lat' dir='ltr'>lab.</span> <span class='ocrx_word' id='word_1_291' title='bbox 1019 2381 1113 2415; x_wconf 77' lang='lat' dir='ltr'>xlv.</span> <span class='ocrx_word' id='word_1_292' title='bbox 1144 2382 1191 2415; x_wconf 79' lang='lat' dir='ltr'>ft.</span> 
     </span>
    </p>
   </div>
  </div>
 </body>
</html>
