1971 2700
178 293 183 296 .
238 252 673 302 EXPERIMENTA
705 253 782 297 ET
809 249 1232 298 coNsEeTARIA.
1322 269 1412 309 249

99 371 191 415 orbe
240 370 502 413 celeberrimus
519 402 531 422 ‚
564 377 603 409 et
631 368 772 411 horum
805 369 918 423 etiam
956 376 1108 411 naturae
1148 369 1412 423 mysteriorum

99 436 388 490 diligentissimus
434 435 691 487 non'modo,
723 435 784 475 sed
817 435 930 475 etiam
951 434 1275 488 perspicacissimus
1315 433 1414 476 scru-

101 511 224 552 tator,
256 501 387 541 eadem
411 497 694 550 >exquisitissima
729 498 786 539 sua
818 499 1063 539 differtatione
1101 498 1249 551 efficit,
1283 508 1324 539 vt
1356 499 1415 539 ni-

100 565 155 606 hil
190 563 328 604 necesse
366 561 525 602 habeam
577 564 819 603 mentionem
869 562 983 602 ficere
1023 562 1072 602 de
1124 562 1292 606 Dodartz·
1313 594 1325 615 ,
1376 562 1416 603 la

101 629 207 670 Hirl'z'
227 661 237 680 ,
267 636 305 668 et
352 626 532 682 Astruccii
579 624 685 679 super
735 626 804 667 hac
854 626 1068 680 quaestione
1127 626 1312 667 sententiis
1362 626 1416 666 ibi

101 693 219 733 relatis
249 700 287 732 et
315 689 525 744 ponderatis
544 723 555 742 ,
588 703 745 743 quarum
779 689 934 730 vltimae
953 689 1134 730 calculum
1159 689 1416 743 grauissimum

102 755 186 796 fitne
206 789 216 808 ,
251 764 291 795 et
321 754 459 796 merito
502 754 651 812 quidem
673 786 683 805 ,
718 754 856 794 adiicit.
938 752 1111 808 Halcssus
1143 754 1325 806 denique,
1377 753 1418 793 in

95 821 231 875 statim
288 817 537 872 ‘vegetabilium
555 851 567 870 ,
624 819 814 871 experim.
875 813 1056 857 CXXIV
1079 848 1090 869 ‚
1145 828 1232 870 pag.
1294 818 1384 878 ¹96
1404 847 1417 867 ‚

102 884 277 924 versionis
310 883 573 936 germanicae,
606 881 684 922 hoc
718 894 818 922 anno
854 883 969 930 1748
1005 880 1125 920 editae
1144 913 1154 933 ‚
1189 879 1420 934 explicatio-

102 957 197 987 nem
232 945 437 987 breuissime
470 947 509 986 in
544 958 590 985 eo
624 947 759 998 ponit,
793 955 839 985 vt
870 945 968 986 dicat
989 943 1310 997 plumulamlobis
1327 955 1420 983 con-

104 1017 246 1051 tentam
277 1008 432 1064 superne
464 1019 505 1049 et
539 1008 681 1050 inferne
714 1009 871 1061 augeri,
912 1003 1079 1061 adeoque
1128 1007 1232 1047 illam
1281 1005 1419 1046 sursum

103 1072 235 1125 illinc,
270 1086 314 1113 ac
347 1073 519 1114 deorsum
554 1073 642 1112 hinc
662 1104 672 1124 ‚
708 1072 916 1125 protendi,
951 1071 1053 1124 quod
1087 1070 1169 1110 stine
1203 1069 1296 1110 nihil
1321 1069 1420 1111 aliud

103 1137 178 1187 est,
212 1149 326 1190 quam
360 1137 463 1176 idem
483 1148 553 1188 per
572 1137 672 1176 idem
706 1135 913 1187 explicate.
978 1133 1172 1174 Henkelius
1204 1123 1420 1173 tandemYn

104 1198 245 1242 Florae
263 1196 538 1251 saturm'zantls
578 1211 617 1250 p,
662 1210 687 1245 9
694 1207 715 1244 5
741 1229 751 1247 ‚
785 1196 853 1235 hac
887 1195 1064 1238 breuitate
1094 1195 1170 1236 hoc
1203 1195 1238 1234 se
1265 1195 1421 1250 negotio

104 1262 260 1302 extricat
278 1291 290 1310 ,
325 1269 369 1298 vt
400 1260 524 1298 dicat:
565 1260 735 1312 germina
765 1256 898 1298 sursum
948 1259 1146 1300 crescentia
1195 1260 1268 1299 effe
1300 1259 1423 1299 radios

104 1323 266 1363 totidem
299 1321 548 1375 prolongatos
580 1321 662 1362 fuae
696 1321 949 1376 peripheriae-
1013 1322 1132 1362 Huius
1164 1322 1289 1376 itaque
1306 1322 1420 1376 phae-

104 1386 261 1426 nomeni
283 1418 294 1437 ,
327 1385 392 1425 nisi
426 1385 652 1439 sempiterna
682 1398 761 1426 nox
795 1386 850 1426 illi
882 1385 996 1426 offusa
1029 1386 1073 1427 fit
1094 1417 1105 1437 ,
1138 1386 1325 1426 rationem
1355 1398 1423 1438 pe-

105 1450 137 1488 ti
167 1450 302 1489 debere
337 1458 433 1502 puto
467 1463 487 1489 a
521 1459 648 1490 natura
680 1450 897 1503 grauitatis,
931 1450 970 1488 in
1002 1450 1249 1501 deprimenda
1299 1450 1422 1488 radice

105 1511 226 1552 versus
256 1524 427 1554 centrum
464 1522 584 1553 terrae
605 1547 616 1566 ‚
649 1526 727 1553 non
762 1525 857 1553 vero
891 1511 1012 1553 versus
1045 1513 1232 1552 maiorem
1267 1514 1425 1565 copiam

109 1584 228 1614 terrae
248 1607 258 1626 ,
298 1577 334 1616 id
375 1579 474 1630 quod
506 1571 693 1630 experim.
729 1578 773 1618 X
805 1576 956 1629 optime
975 1578 1120 1630 docet3
1156 1585 1195 1615 et
1213 1587 1287 1628 quo
1305 1576 1424 1615 etiam

110 1637 452 1691 probatissimorum
485 1641 680 1683 auctorum
723 1639 901 1680 sententia
942 1640 1106 1680 inclinat.
1190 1638 1297 1679 Tum
1333 1649 1426 1678 vero

46 1733 66 1751 ,Α
111 1702 265 1740 alteram
308 1702 473 1744 eiusdem
509 1714 655 1758 partem
691 1703 870 1758 explicari
900 1703 1132 1758 aliquantum
1184 1703 1286 1756 posse
1329 1702 1428 1742 arbi-

113 1774 192 1803 tror
225 1777 290 1816 per
323 1768 518 1807 materiam
560 1769 681 1819 ignis,
725 1780 814 1820 quae
848 1768 1000 1821 quidem
1051 1767 1101 1806 ita
1134 1766 1231 1806 faeta
1263 1766 1315 1805 est
1335 1798 1345 1816 ,
1379 1773 1425 1804 vt

113 1839 133 1867 e
167 1840 323 1880 corpore
350 1828 516 1868 calidiori
551 1830 852 1882 quoquouerfiim
889 1839 1000 1869 exeat
1044 1830 1423 1880 communiceturque

114 1903 203 1930 cum
239 1891 484 1942 frigidioribus
518 1893 705 1944 proximis
727 1925 738 1944 ‚
770 1891 829 1932 sed
864 1893 1063 1945 repellatur
1096 1893 1215 1931 fortan
1254 1901 1291 1931 et
1322 1894 1427 1931 coer-

114 1963 238 1993 ceatur
270 1954 306 1992 in
340 1965 485 2006 grano,
519 1967 586 2007 pei·
636 1955 966 1997 fermentationem
1019 1955 1195 1996 obortam
1235 1955 1426 2008 excitata,

116 2030 136 2056 a
170 2017 297 2057 tellure
330 2017 517 2057 ambiente
549 2019 759 2071 copiosiore
779 2051 789 2069 ‚
823 2032 843 2058 a
874 2019 1026 2059 cuticula
1058 2032 1214 2072 granum
1234 2019 1425 2072 sepiente,

115 2081 164 2119 ita
200 2090 241 2118 vt
275 2079 403 2119 sursum
445 2082 668 2121 versimiliter
709 2082 858 2134 potius,
909 2095 978 2135 per
1011 2093 1223 2136 aperturam
1257 2083 1294 2121 in
1329 2084 1423 2123 cuti

114 2145 193 2183 cula
226 2144 358 2183 &etam
381 2177 392 2194 ,
425 2158 535 2198 quam
571 2144 740 2185 aliorfiim
775 2147 919 2186 exitum
955 2146 1018 2185 sibi
1062 2156 1240 2198 quaerat,
1275 2155 1314 2185 et
1345 2158 1427 2198 ger·-

117 2219 204 2247 mcn
239 2207 321 2247 illuc
357 2207 477 2248 secum
509 2197 678 2248 abducat.
743 2209 927 2249 Putassem
947 2209 1178 2250 atti-amonis
1196 2210 1279 2251 vim
1301 2241 1312 2262 ,
1331 2219 1425 2261 quae

180 2271 300 2312 Tom.
321 2270 371 2311 11.
395 2271 499 2313 Nou.
522 2271 747 2313 Comment.
993 2271 1011 2312 1
1033 2273 1046 2314 i
1339 2271 1424 2313 alias
