1971 2700
401 200 481 245 DE
510 194 729 242 BESTIIS
759 197 1026 242 MARINIS.
1310 211 1397 254 ³51

96 326 220 358 terum
252 314 451 369 suspicione
481 312 590 365 fugae
623 311 762 351 inuadit
780 344 791 362 ‚
823 323 868 352 ac
899 323 978 352 vno
1010 310 1173 365 aggerffu
1208 320 1270 353 tot
1300 314 1404 354 duel-

97 380 133 421 la
165 383 351 427 oriuntur,
383 386 424 416 vt
456 375 558 428 ffiepe
590 376 634 416 ad
668 377 747 415 duo
779 377 894 415 triaue
927 375 1037 415 stadia
1070 377 1174 416 iuxta
1208 378 1289 417 litus
1307 377 1403 419 nihil

97 444 165 483 nisi
195 443 341 493 duella,
369 441 574 480 certamina
607 449 644 478 et
678 440 774 479 inter
806 440 1014 479 hotrendos
1045 439 1210 480 fremitus
1249 451 1287 481 et
1319 444 1402 481 bar-

96 508 183 547 ritus
217 504 312 547 mille
342 513 489 543 cruenta
522 512 561 542 et
594 503 745 542 ridicula
777 503 980 555 spec'tacula
1001 504 1150 543 videas:
1184 506 1276 545 dum
1296 506 1401 545 enirn

95 570 258 610 inuicem
293 576 475 622 pugnant,
511 565 624 606 libere
659 567 855 619 praeterire
892 568 1109 620 potuimus,
1142 581 1162 607 a
1198 569 1304 608 nobis
1335 568 1401 608 ab·

97 633 303 673 stinebant:
336 631 360 671 fi
393 634 466 669 duo
499 628 667 669 aduersus
697 643 819 671 vnum
855 640 1016 684 pugnant
1036 663 1046 682 ,
1079 631 1138 671 alii
1167 631 1341 686 oppresso
1360 631 1400 672 in

96 697 275 737 auxilium
309 694 458 734 veniunt
478 725 488 744 ‚
523 693 701 746 indignati
732 695 883 746 imparis
916 695 1129 733 certaminis
1150 711 1157 734 ;
1176 705 1267 734 oum
1295 707 1400 748 prae-

96 760 258 809 liantur,
287 758 345 799 alii
381 758 417 796 in
452 757 545 796 mari
594 766 758 796 natantes
804 757 926 808 capita
976 756 1150 795 attouunt
1200 757 1262 796 dis
1275 759 1399 798 rimen

92 824 305 862 certaminis
336 819 567 874 aspicientes,
588 820 654 872 ipii
683 820 841 870 denique
869 820 906 858 in
926 818 1087 858 furorem
1120 820 1216 872 rapti
1243 821 1280 860 in
1307 831 1400 860 con·

94 886 268 926 tinenrem
286 893 441 934 exeunt⁷
461 883 531 923 sese
566 884 807 936 pugnantium
840 891 1008 922 cateruae
1035 881 1250 923 immiscent
1269 915 1280 933 ,
1310 883 1397 923 hor-

91 953 270 1001 rendaque
305 947 505 1001 spectacula
539 956 684 998 augent.
746 945 809 986 De
837 945 1010 985 industria
1044 944 1146 997 fiiepe
1176 959 1291 986 vnum
1309 958 1398 987 cum

92 1008 251 1052 Cafficco
302 1022 392 1051 meo
440 1009 618 1062 aggressus
657 1011 734 1048 ium
756 1042 765 1060 ,
807 1021 848 1048 ac
890 1007 1007 1048 saltim
1058 1008 1186 1048 oculos
1231 1007 1400 1061 excuffi,

92 1074 150 1114 his
182 1074 336 1114 excuffis
364 1073 474 1111 Omisl
508 1082 545 1111 et
579 1086 608 1120 4
660 1083 698 1120 5.
735 1073 827 1111 alios
858 1071 1040 1122 lapidibus
1071 1071 1286 1111 infestabam
1308 1103 1318 1120 ,
1353 1083 1398 1112 ac

91 1138 182 1176 dum
219 1148 282 1175 me
315 1135 643 1187 prosequerentur,
676 1136 719 1172 ad
762 1142 1008 1171 excoecatum
1042 1131 1145 1183 fugi,
1180 1133 1242 1172 ille
1284 1133 1401 1174 oculis

91 1208 282 1252 priuatus,
313 1196 458 1235 audiens
497 1194 754 1245 prosequentes
793 1193 949 1245 frutra,
1000 1191 1136 1234 nescius
1170 1208 1260 1235 num
1296 1195 1400 1249 filge-

88 1271 169 1300 rent
188 1290 198 1308 ‚
233 1270 321 1298 num
355 1269 422 1296 nos
455 1255 757 1308 prosequerentur
777 1289 786 1306 ,
819 1258 1014 1296 inuadebat
1044 1256 1125 1297 suos
1160 1258 1276 1298 socios
1295 1271 1397 1312 ,ego

87 1334 178 1362 vero
218 1323 355 1360 interea
389 1318 523 1359 otiosus
554 1320 590 1358 in
628 1321 713 1359 loco
746 1320 847 1359 elato
880 1320 1001 1360 sedens
1037 1320 1248 1373 spectabam
1286 1334 1394 1375 prae-

87 1384 132 1424 lia
163 1386 257 1424 inter
289 1383 371 1423 ilios
401 1395 469 1436 per
503 1383 639 1435 aliquot
675 1382 810 1434 horas,
844 1395 977 1423 coecus
1007 1385 1178 1425 inuadens
1218 1395 1256 1424 et
1287 1385 1396 1425 auxi-

86 1447 181 1487 lium
214 1448 367 1487 ferentes
416 1456 454 1486 et
489 1447 663 1486 inimicos
683 1479 692 1497 ,
728 1456 925 1498 propterea
944 1448 991 1485 ab
1021 1448 1197 1488 omnibus
1214 1458 1259 1488 vt
1284 1460 1394 1489 com-

88 1510 212 1549 munis
244 1509 352 1549 hostis
384 1514 579 1563 petebatur
600 1542 609 1558 ,
646 1509 717 1548 siue
754 1510 792 1548 in
825 1522 930 1548 mare
961 1509 1099 1562 fugeret
1133 1512 1218 1550 inde
1268 1521 1396 1552 extra-

88 1572 189 1622 ems,
223 1572 293 1611 siue
326 1574 362 1612 in
382 1583 599 1612 contuente
618 1605 629 1622 ,
663 1573 848 1612 continuis
881 1572 1012 1613 ictibus
1043 1573 1141 1612 adeo
1170 1573 1377 1614 dilucet-aba

86 1644 175 1683 tur,
206 1635 326 1674 donec
360 1636 497 1675 viribus
536 1637 713 1675 omnibus
755 1647 903 1676 orbatus
949 1638 1190 1677 decumberet
1224 1648 1262 1678 et
1297 1637 1393 1678 inter

87 1698 281 1737 continuos
313 1700 472 1751 grmitus
515 1701 643 1739 iratam
686 1699 856 1739 animam
906 1699 1077 1749 efflaret,
1123 1712 1167 1740 ac
1218 1700 1394 1740 flimelicis

86 1760 254 1800 isitidum
289 1762 455 1812 gregibus
488 1763 621 1812 praeda
654 1763 825 1802 euaderet
843 1795 854 1813 ,
884 1764 945 1814 qui
978 1764 1162 1803 iacentem
1191 1774 1226 1803 et
1253 1763 1392 1816 spiran-

87 1833 165 1863 tem
201 1821 360 1861 hucdum
393 1824 561 1861 dentibus
591 1825 910 1875 aggrediebantur.

205 1884 312 1925 Dum
347 1895 510 1937 pugnant
544 1886 618 1925 duo
653 1898 723 1938 per
754 1898 871 1925 vnum
905 1885 1042 1926 horam
1075 1886 1183 1940 fiiepe
1225 1901 1390 1941 pugnam

84 1950 298 1989 continuant
317 1981 328 1999 ,
362 1948 520 1986 inducias
553 1959 694 2001 agunt,
728 1951 846 1989 ambo
878 1950 998 1988 iacent
1029 1950 1132 1989 iuxta
1151 1951 1184 1991 se
1203 1983 1214 2001 ,
1247 1951 1392 2004 spiran-

84 2022 140 2051 tes
172 2022 209 2050 et
240 2012 401 2050 animam
439 2011 682 2063 recipientes,
730 2025 799 2064 qua
842 2020 990 2064 recepta
1041 2014 1158 2053 ambo
1207 2013 1387 2067 surgunt,

84 2087 148 2124 ac,
174 2085 216 2114 vt
248 2075 500 2127 dig‘adiatxres
531 2072 666 2124 solent,
699 2075 826 2114 locum
862 2084 1010 2114 certum
1048 2087 1253 2128 occupant,
1273 2090 1388 2130 quem

83 2138 145 2179 sub
156 2150 276 2191 pugna
285 2138 487 2191 relinquere
506 2138 663 2192 nolunt,
683 2137 867 2179 declinant
885 2138 1009 2193 capita
1027 2151 1072 2179 ac
1090 2138 1222 2180 sursum
1243 2143 1388 2190 terium,

1301 2204 1390 2243 alter
