1971 2700
503 177 584 220 DE
614 175 818 221 BESTIIS
850 178 1112 223 MARINIS.
1388 191 1472 232 335

171 292 223 334 est
244 326 254 344 ,
285 301 322 333 et
354 289 463 332 veluti
495 301 518 330 e
550 289 700 343 gummi
724 288 896 330 Arabico
929 290 1122 342 conflata-‚
1154 290 1330 334 coctione
1363 303 1407 335 vt
1439 298 1477 337 in

171 357 324 410 piscibus
371 355 553 395 induratur
592 362 631 392 et
664 354 819 393 candida
853 354 989 395 euadit.
1057 354 1167 395 Oculi
1201 364 1355 397 externe
1397 359 1477 411 pal-

170 420 294 473 pebris
324 417 541 458 instruuntur
573 425 613 456 et
643 415 734 456 ciliis
755 447 766 467 ,
817 417 944 457 oculos
977 419 1188 470 panniculus
1238 420 1405 461 carnosus
1437 422 1477 464 in

170 482 307 522 cantho
338 479 472 521 maiori
502 478 714 519 delitescens
744 489 788 520 vt
829 481 868 519 in
909 482 1047 521 noctua
1065 514 1077 533 ,
1107 481 1229 536 phoca
1247 515 1259 535 ‚
1301 486 1473 539 manati,

168 545 255 586 lutra
289 546 428 586 marina
458 543 634 595 exigente
667 543 872 584 necestitate
914 544 1077 585 obuelat.

283 606 477 650 Auriculae
509 616 684 646 externae
714 616 756 646 vt
788 608 827 647 in
858 607 969 647 leone
1010 609 1154 648 marino
1185 619 1224 650 et
1261 610 1352 654 lutra
1391 624 1476 654 ma0

166 672 244 712 rina
275 670 308 712 se
337 671 503 722 habent,
537 681 672 722 paruae
695 702 706 721 ,
740 679 869 710 acutae
889 702 899 721 ,
933 671 1114 723 comicae,
1149 673 1288 725 rigidae
1323 684 1363 715 et
1396 689 1474 717 ere·

167 735 249 776 <stae
278 735 383 785 sunt,
415 732 629 774 breuiffimis
662 733 748 785 pilis
781 733 901 772 tectae
920 764 930 783 ‚
952 734 1048 772 intus
1063 735 1209 786 glabrae
1243 746 1280 776 et
1304 738 1474 790 politae,

167 799 262 839 rima
303 797 418 838 filltim
451 796 613 848 oblonga
644 806 682 836 et
715 796 865 849 angusta
900 805 1096 848 patentes,
1130 810 1218 850 quas
1239 830 1249 849 ,
1283 799 1375 839 dum
1409 801 1472 842 sub

164 862 261 916 aquis
308 869 472 902 moratur
491 892 502 912 ,
551 858 770 899 contrahere
808 868 846 898 et
863 891 873 909 ,
910 871 958 898 ne
990 872 1081 912 aqua
1132 862 1272 911 irruat,
1304 862 1472 904 claudere

164 924 286 978 potest
304 956 314 976 ,
347 925 432 977 post
463 935 566 963 aures
595 921 656 962 sub
675 931 758 962 cute
778 922 967 974 parotides
987 954 999 973 2
1017 923 1080 962 oui
1097 923 1307 964 columbini
1325 926 1470 979 magni-

161 989 285 1028 tudine
316 988 464 1038 iacent,
497 999 519 1026 e
554 985 679 1026 multis
712 986 834 1039 paruis
865 994 903 1025 et
935 984 1017 1024 laxe
1057 985 1343 1028 cohaerentibus
1367 991 1474 1042 glan-

159 1051 250 1091 dulis
280 1051 535 1104 conglobatae.
1450 1056 1452 1058 ’

276 1112 428 1155 Collum
465 1115 620 1155 crassum
641 1148 650 1166 ‚
683 1115 822 1167 pariter
852 1125 894 1153 ac
926 1114 1110 1166 reliquum
1131 1125 1288 1166 corpus,
1324 1126 1366 1156 ac
1385 1116 1469 1158 satis

159 1175 256 1217 bona
298 1179 546 1228 proportione
595 1177 731 1226 gaudet
750 1207 760 1225 ,
803 1176 900 1214 circa
940 1176 1088 1216 lumbos
1122 1188 1217 1217 vero
1254 1178 1299 1218 ad
1349 1192 1467 1220 anum

157 1250 273 1291 vsque
307 1237 424 1276 subito
455 1236 660 1290 decrescit,
694 1237 977 1278 curiofiffimum
1012 1250 1053 1278 et
1085 1240 1125 1278 in
1160 1252 1236 1292 quo
1269 1241 1316 1281 ab
1334 1243 1466 1282 omni·

155 1300 219 1340 bus
235 1300 456 1341 animalibus
489 1300 713 1341 terrestribus
743 1308 781 1340 ct
814 1302 1036 1354 maritimis,
1067 1312 1236 1355 excepto
1253 1303 1362 1345 leone
1380 1318 1465 1346 ma-

150 1363 233 1403 rino
251 1396 261 1415 ,
292 1365 421 1417 primo
440 1364 560 1404 statim
593 1365 724 1404 intuitu
742 1364 972 1416 distinguitur
990 1397 1000 1416 ‚
1033 1366 1148 1418 pedes
1179 1364 1262 1405 sunt
1294 1377 1373 1409 tam
1393 1381 1465 1424 an-¹
1489 1374 1492 1378 '
1522 1370 1524 1373 ’

150 1427 303 1467 teriores
322 1459 332 1478 ‚
367 1441 479 1481 quam
514 1428 743 1480 posteriores¹
1204 1435 1206 1438 ·

266 1491 377 1531 Pedes
411 1506 453 1542 4.
488 1504 580 1545 quos
610 1492 891 1545 quadrupedum
926 1492 1036 1533 instar
1068 1491 1210 1544 habet,
1243 1506 1343 1535 voco
1375 1496 1462 1549 pin-

152 1560 285 1604 natos,
314 1554 364 1594 ob
396 1556 434 1596 id
466 1556 568 1609 quod
617 1555 686 1595 illis
726 1556 873 1595 incedat
892 1588 902 1606 ,
952 1556 1067 1609 iisque
1117 1556 1251 1596 insistat
1301 1559 1459 1611 quadru-

155 1615 294 1668 pedum
327 1630 435 1658 more
455 1651 465 1670 ,
496 1620 697 1659 anteriores
727 1618 804 1658 offe
837 1618 1017 1669 humeri,
1052 1619 1138 1659 vlna
1158 1652 1168 1671 ,
1202 1620 1335 1671 radio,
1376 1635 1457 1663 car-

154 1691 208 1731 po
239 1688 277 1718 et
319 1690 535 1735 metacarpo
583 1683 667 1722 imo
699 1682 825 1734 digitis
872 1682 1070 1735 constant,
1118 1682 1342 1735 posteriores
1382 1686 1461 1726 offe

153 1741 328 1791 femoris,
362 1744 475 1794 tibia,
510 1744 619 1784 fibula
640 1776 650 1795 ,
685 1744 779 1784 tarso
799 1777 809 1796 ,
843 1745 1044 1784 metatarso
1083 1758 1125 1785 ac
1167 1746 1314 1798 digitis:
1367 1749 1454 1800 pin-

152 1814 258 1844 natos
291 1817 381 1845 vero
398 1817 513 1856 voco,
532 1808 631 1858 quod
659 1807 888 1853 ‚anteriorum
922 1809 1062 1858 pedum
1095 1807 1230 1859 digiti,
1263 1810 1299 1847 in
1333 1822 1454 1851 viram

151 1867 304 1908 maffiim
338 1869 464 1907 coaliti
484 1900 494 1918 ,
527 1869 665 1920 pariter
702 1881 745 1907 ac
779 1869 1026 1920 posteriorum
1047 1900 1057 1919 ,
1108 1871 1169 1922 qui
1202 1870 1380 1913 laciniatis
1412 1882 1453 1914 et

149 1931 367 1971 membrana
418 1931 666 1970 intercedente
718 1931 922 1972 coniundiis
962 1931 1115 1983 digitis,
1163 1931 1352 1974 hucdum'
1379 1936 1452 1977 cla-

146 1993 218 2033 rius
250 1994 505 2047 palmipedum
525 1994 639 2048 pedes
669 1993 861 2046 referunt,
894 1995 1161 2049 pinnarumque
1179 1995 1285 2037 vsum
1319 2006 1454 2040 natan-

142 2056 194 2097 do
225 2058 416 2112 praestant.

1334 2191 1446 2232 Pedes
