1971 2700
1064 95 1223 158 (20)

482 223 552 264 bus
585 220 788 264 artificibus
826 221 1022 274 tribuant,
1064 231 1178 275 quam
1212 219 1297 274 ipsis
1328 217 1609 261 mathematicis
1649 220 1808 263 mecha-

482 288 610 328 nicam
646 285 848 327 scientifice
881 285 1108 326 callentibus.
1177 284 1257 341 Qui
1293 284 1418 337 itaque
1437 284 1576 324 mirum
1600 316 1611 335 ,
1643 289 1808 327 eiusmo-

483 350 523 391 di
555 350 718 392 artifices
757 363 848 405 prae
884 349 1036 390 scientia
1081 348 1141 389 sua
1172 347 1417 389 intumescere
1451 358 1488 387 et
1525 350 1810 391 remonstratio-

481 426 549 456 nes
582 415 944 456 mathematicorum
990 413 1118 454 audire
1151 413 1269 454 nolle.
1337 411 1448 454 Hisce
1483 414 1678 466 principiis
1712 413 1810 456 inni-

481 490 555 522 xus
587 488 697 518 autor
730 479 842 532 plane
877 491 956 518 non
991 476 1138 518 dubitat
1169 477 1312 518 eodem
1346 477 1468 518 modo
1502 489 1587 517 rem
1622 478 1655 517 ie
1674 477 1812 519 habere

480 543 578 583 circa
609 542 853 597 horologium
896 540 990 582 istud
1031 553 1260 594 perpetuum
1307 541 1454 582 mobile
1473 573 1484 593 ,
1519 542 1565 582 de
1599 554 1677 596 quo
1712 541 1813 582 sama

479 607 521 647 in
556 606 717 647 nouellis
750 605 909 660 publicis
941 603 1125 658 superiori
1157 618 1260 646 anno
1293 606 1414 646 multa
1450 606 1696 659 praedicabat.
1734 607 1814 648 Re-

480 670 600 711 latum
639 670 750 711 simul
792 679 902 720 emt,
941 667 1128 709 artificem
1162 670 1276 710 istum
1311 670 1522 713 variscum‚
1565 670 1813 723 horologium

481 733 607 776 hocce
634 733 700 773 tali
733 745 822 774 cum
855 734 1121 787 praecautione
1157 733 1442 788 composuisse,
1479 735 1581 788 quod
1617 747 1736 776 nemo
1754 747 1815 775 ar-

480 797 645 838 tificium
687 797 820 852 absque
861 797 964 852 quod
1006 808 1082 839 tota
1119 799 1355 840 machinatio
1387 810 1534 840 corruat
1555 832 1564 850 ,
1606 790 1814 854 perspicere

481 860 626 917 possit,
668 875 759 903 cum
802 872 936 903 tamen
982 875 1060 903 non
1102 876 1223 904 nemo
1267 863 1446 905 facillime
1480 863 1556 904 hoc
1590 876 1814 918 praecauere

482 925 637 980 posset,
682 926 708 967 si
750 939 843 982 aqua
886 926 1088 981 impletam
1132 928 1354 969 machinam
1396 927 1526 981 frigori
1569 938 1814 984 exponeret,

482 1002 522 1031 et
557 990 793 1044 conglaciata
825 991 987 1031 demum
1022 1004 1116 1044 aqua
1147 1004 1380 1044 compagem
1416 991 1644 1033 dissolucret.
1714 992 1812 1034 Nul-

482 1054 563 1095 lum
599 1065 794 1108 praeterea
828 1055 929 1094 foret
963 1055 1122 1095 dubium
1144 1087 1154 1106 ,
1187 1055 1286 1108 qnod
1321 1054 1347 1095 si
1381 1054 1629 1108 horologium
1665 1057 1815 1109 stquen-

480 1120 578 1159 tibus
610 1119 850 1172 temporibus
884 1130 1021 1158 verum
1056 1127 1290 1172 perpetuum
1328 1118 1474 1158 mobile
1508 1118 1600 1157 esset
1620 1130 1814 1170 repertum

479 1182 625 1224 firmam
669 1181 743 1224 hoc
796 1194 877 1223 non
918 1180 1138 1234 reticuisse,
1195 1181 1256 1222 led
1297 1181 1417 1222 altum
1453 1193 1505 1221 cx
1540 1194 1589 1221 eo
1633 1191 1815 1236 tempore

483 1246 553 1288 hac
596 1246 643 1288 de
672 1259 713 1288 re
747 1246 815 1287 suit
848 1246 1051 1287 silentium.
1116 1246 1278 1288 Interim
1321 1246 1410 1286 licet
1459 1256 1572 1286 autor
1610 1245 1777 1299 desperet
1803 1274 1815 1296 ‚

482 1323 674 1365 vmquam
709 1311 782 1351 tale
817 1321 1045 1365 perpetuum
1081 1310 1227 1351 mobile
1261 1309 1367 1364 posse
1399 1310 1596 1360 construi,
1635 1311 1738 1350 cuius
1757 1311 1816 1351 vis

482 1376 634 1416 motrix
678 1377 926 1418 cx.i12teruo
971 1375 1162 1430 principio
1205 1375 1427 1428 dependens
1478 1375 1522 1415 sit
1561 1375 1732 1415 constans
1772 1385 1811 1415 et

481 1441 698 1491 continua,
742 1450 874 1481 tamen
918 1441 1074 1493 publico
1117 1453 1197 1480 non
1242 1443 1432 1493 ingratum
1476 1440 1558 1479 fore
1603 1439 1743 1490 duxit,
1787 1439 1813 1480 fi

483 1503 726 1556 horologium
769 1504 840 1545 hac
881 1505 1082 1545 occasione
1122 1517 1144 1544 a
1186 1504 1221 1544 se
1254 1504 1519 1557 excogitatum
1565 1503 1814 1555 describeret,

481 1568 586 1620 quod
627 1568 782 1619 quidem
825 1581 906 1608 non
947 1581 998 1609 ex
1045 1569 1236 1623 principio
1278 1570 1457 1618 interno,
1501 1567 1559 1608 sed
1593 1579 1718 1608 tamen
1763 1579 1814 1608 ex

482 1642 651 1671 externo
682 1633 869 1672 continuo
904 1643 1060 1672 motum
1096 1633 1201 1673 suum
1237 1632 1275 1671 in
1312 1641 1534 1686 perpetuum
1556 1665 1566 1682 ,
1601 1645 1715 1686 quam
1750 1631 1815 1672 diu

483 1696 624 1736 scilicet
662 1695 797 1736 eadem
841 1710 966 1736 rerum
1012 1708 1143 1737 natura
1187 1697 1382 1746 manebit,
1423 1697 1631 1735 continuet.
1700 1694 1815 1749 Inge-

483 1772 557 1800 nue
602 1773 754 1814 quoque
797 1761 959 1812 fitetur,
999 1759 1032 1800 st:
1066 1762 1178 1814 plane
1213 1773 1290 1800 non
1327 1757 1542 1800 exhibuisse
1588 1770 1813 1813 perpetuum

481 1822 569 1864 illud
605 1823 752 1863 mobile
788 1837 807 1863 a
842 1825 1000 1878 pluribus
1035 1825 1326 1865 mathematicis
1358 1834 1437 1863 tam
1458 1824 1569 1862 anxie
1589 1822 1812 1877 quaesitum,

479 1886 541 1927 fid
589 1897 737 1927 tantum
782 1888 978 1939 naturale,
1018 1890 1124 1929 cuius
1166 1889 1213 1928 ad
1249 1888 1355 1929 vsum
1398 1887 1593 1939 publicum
1629 1886 1697 1924 vix
1737 1885 1810 1925 vlla

478 1951 550 1989 eiit
594 1950 827 2002 adplicatio,
877 1953 944 1991 nisi
984 1964 1165 2004 quatenus
1208 1951 1340 1990 curiosi
1386 1951 1580 2001 ingenium
1621 1948 1812 1988 delectare

481 2014 596 2052 valer.
666 2012 767 2053 Cum
821 2017 922 2054 enim
976 2014 1090 2053 hodie
1143 2013 1376 2065 horologia,
1417 2026 1510 2065 quac
1556 2025 1624 2066 per
1667 2026 1808 2053 annum

478 2088 632 2119 motum
667 2079 773 2119 suum
807 2077 940 2134 absque
976 2091 1075 2118 noua
1108 2078 1287 2134 ponderis
1321 2077 1536 2118 eleuatione
1570 2078 1806 2126 continuant.

1674 2142 1811 2185 eadem
