1971 2700
504 231 594 288 29⁸
837 232 920 276 DE
951 227 1174 278 BESmS
1205 224 1471 275 MARINIS.
1527 212 1532 217 ’

618 347 873 391 Obstruabam
907 346 1103 388 multoties
1135 347 1174 386 in
1205 345 1325 399 captis
1357 353 1396 384 et
1425 354 1531 384 vnco
1561 342 1610 386 ad
1649 342 1733 388 litus
1755 335 1830 392 tri·

471 450 475 454 ,
502 412 577 456 &is
604 413 829 455 animalibus
859 423 938 452 non
968 419 1118 450 tantum
1150 421 1172 450 a
1202 408 1396 450 fortissima
1427 404 1641 448 vibratione
1688 406 1828 464 corp’o·

501 479 552 518 tis
568 479 771 518 et·caudae
800 488 848 517 ac
879 473 1078 515 renitentia
1110 484 1199 513 cum
1220 474 1378 527 pedibus
1394 472 1640 512 anterioribus
1663 471 1830 516 definisse

501 541 668 593 ingentia
700 537 808 580 fiusta
823 536 1004 579 cuticulae
1025 535 1210 589 ,fi-aetam
1243 535 1344 577 fuisse
1375 537 1530 590 ungulae
1562 536 1729 577 similem
1759 549 1813 578 cu

503 603 658 643 ticulam
699 601 854 644 brachia
905 599 1193 655 praefinientem
1226 610 1266 640 et
1299 602 1438 642 caudae
1490 601 1648 654 pinnam
1666 632 1680 654 ,
1735 612 1831 656 quae

501 667 634 707 omnia
667 670 800 707 meam
834 666 1064 722 opinionem
1099 665 1302 705 certiorem
1334 666 1502 706 reddunt.

618 729 819 772 Eiusmodi
852 728 1006 770 cuticula
1042 729 1079 768 in
1115 729 1211 768 nulla
1255 727 1398 781 prorius
1431 741 1469 768 re
1503 737 1645 769 mutata
1696 726 1829 769 Balne-

499 804 590 834 nam
625 794 776 846 ambit,
808 794 896 834 licet
927 792 1096 832 eiusdem
1129 792 1226 833 nulla
1256 792 1357 845 apud
1391 792 1557 832 auctores
1598 791 1663 833 fiat
1715 803 1827 833 men-

501 859 588 906 tio,
623 870 736 912 caque
768 856 844 899 fiere
876 867 956 897 tota
990 857 1026 895 in
1062 853 1224 896 Bal-aena
1273 855 1439 897 calendis
1490 856 1591 909 Aug.
1646 857 1683 896 in
1717 854 1828 896 insula

501 920 623 962 nostra
655 923 853 962 eliminata
889 927 1037 961 mortua
1070 919 1314 959 abradebatur
1334 951 1344 970 ,
1376 919 1466 960 dum
1504 932 1570 972 per
1588 920 1728 973 aliquot
1754 920 1833 960 dies

499 984 549 1025 ab
581 985 691 1025 vndis
720 984 812 1025 hinc
846 984 934 1025 inde
966 981 1100 1022 iactata
1129 991 1170 1022 et
1202 981 1293 1022 laxis
1323 981 1410 1023 illisa
1451 984 1567 1024 fuerat
1607 985 1730 1025 donec
1782 984 1829 1025 ad

499 1047 585 1089 litus
617 1047 775 1089 veniret.
980 1081 988 1087 .

616 1108 786 1152 Cuticula
821 1111 915 1152 haec
965 1109 1058 1152 dum
1111 1110 1270 1162 madet,
1321 1109 1432 1163 nigro
1466 1110 1561 1150 fusca
1611 1110 1664 1150 cst
1713 1110 1829 1153 veluti

500 1173 651 1214 corium
686 1186 826 1228 pernae
862 1174 973 1215 sumo
1022 1173 1177 1214 siccatae
1197 1204 1209 1224 ,
1259 1173 1351 1213 dum
1399 1185 1495 1215 vero
1541 1172 1699 1215 siccescit
1748 1185 1829 1216 tota

499 1238 605 1291 nigra
635 1237 776 1278 euadit.

618 1298 667 1341 In
698 1300 878 1355 aliquibus
909 1299 1066 1342 cuticula
1098 1298 1195 1340 haec
1225 1298 1392 1339 candidis
1425 1300 1635 1340 maiusculis
1675 1303 1834 1345 maculis

498 1374 539 1406 et
573 1365 679 1406 zonis
713 1366 899 1418 variegata
918 1395 930 1416 ‚
963 1365 1026 1417 qui
1059 1364 1164 1403 color
1196 1362 1243 1402 ad
1275 1373 1405 1402 cutem
1447 1374 1562 1416 vsque
1603 1366 1813 1407 continuat.

615 1424 786 1468 Cuticula
818 1427 910 1468 haec
944 1427 1044 1467 circa
1076 1435 1191 1480 caput
1211 1457 1221 1476 ,
1251 1425 1384 1465 oculos
1402 1457 1412 1474 ,
1431 1437 1560 1475 aures,
1578 1438 1773 1469 >mammas
1791 1439 1831 1471 et

499 1491 563 1535 sub
582 1490 742 1533 brachiis
761 1525 772 1544 ,
805 1491 869 1532 vbi
891 1489 1057 1545 scrupolit
1077 1522 1088 1542 ,
1124 1491 1286 1542 vndique
1320 1487 1458 1529 insectis
1482 1489 1675 1530 obsidetur
1703 1501 1746 1531 et
1771 1493 1831 1533 in-

499 1555 680 1609 festatur;
715 1557 878 1610 contigit
911 1565 1035 1595 autem
1073 1555 1368 1608 saepenumero,
1406 1563 1449 1593 vt
1480 1554 1680 1595 cuticulam
1702 1557 1830 1602 omni,-

501 1630 556 1660 no
592 1619 780 1673 perforent
813 1631 850 1660 et
886 1619 1005 1673 ipsam
1039 1629 1169 1658 cutem
1206 1616 1394 1668 saucient,
1429 1630 1504 1671 quo
1538 1616 1686 1659 casuab
1703 1630 1830 1662 extra·

499 1682 623 1724 vaihta
659 1682 842 1737 Lympha
874 1684 937 1723 vel
971 1681 1126 1723 corrosis
1166 1681 1348 1735 glandulis
1399 1683 1672 1734 pinguedinem
1724 1685 1831 1726 velut

500 1747 539 1788 in
574 1747 710 1788 cellulis
741 1747 990 1798 stru-antibus,
1025 1757 1202 1785 verrucae
1234 1744 1391 1798 gmndes
1421 1754 1460 1785 et
1493 1746 1625 1786 craffie
1655 1748 1831 1790 oriuntur

499 1812 634 1860 eadem
671 1811 810 1851 ratione
842 1824 884 1852 ac
918 1812 956 1851 in
989 1808 1187 1862 Balacrus,
1220 1807 1394 1863 dictaque
1426 1809 1513 1850 loca
1544 1807 1653 1864 saepe
1690 1811 1826 1866 peffim

499 1875 663 1916 foedant.

617 1938 695 1980 Sub
726 1941 885 1981 cuticula
916 1939 1011 1980 titis
1040 1937 1218 1978 delitescit
1238 1970 1248 1988 ,
1283 1947 1408 1977 totum
1452 1949 1588 1989 corpus
1634 1937 1825 1992 ambiens:

500 2000 595 2041 haec
633 2015 668 2040 2.
710 1998 819 2044 Ιίηέιε
851 2000 965 2044 crnffa
988 2035 998 2053 ,
1031 2002 1185 2050 mollis,
1217 2001 1298 2039 alba
1319 2033 1330 2049 ‚
1365 1999 1591 2040 Firmissima
1611 2033 1622 2051 ‚
1673 2001 1831 2044 (ὶιυᾶιι-

500 2073 540 2103 m
575 2075 612 2103 ct
645 2065 782 2105 iobore
817 2068 925 2120 plane
959 2066 1040 2105 talis
1058 2094 1070 2115 ,
1104 2064 1219 2116 qualis
1250 2064 1288 2103 in
1308 2060 1469 2104 Balacna
1487 2094 1500 2116 ,
1518 2063 1726 2121 iisdemque
1753 2065 1824 2107 vfi-

500 2127 568 2169 bus
603 2128 776 2170 destinari
811 2128 948 2183 potest.

1690 2253 1818 2310 Caput
