1971 2700
418 228 502 272 DE
532 226 754 273 BEsTns
785 210 1082 274 flamm?
1316 230 1411 283 359

104 345 273 387 tinorum
305 342 470 396 gregibus
502 352 729 395 coopertum
764 342 948 395 reperiffie.
1034 340 1129 384 Non
1170 341 1335 383 adducor
1364 352 1412 383 vt

101 411 251 449 credam
285 406 458 447 animalia
491 405 584 444 haec
619 417 679 446 ex*
702 405 840 446 australi
874 415 980 459 parte
1013 405 1088 446 hu‘c
1121 406 1283 459 migrare
1303 405 1410 458 ,hoc

106 474 208 512 enim
240 472 307 512 iter
335 470 445 509 nimis
475 469 634 527 longum
670 469 796 521 foret,
831 470 908 509 duo
945 478 1069 511 autem
1121 470 1207 510 inde
1256 470 1410 522 colligo.

106 535 276 575 Primum
309 532 485 574 Australis
516 532 616 572 orbis
649 533 776 574 bestias
806 533 964 574 marinas
996 534 1143 574 easdem
1186 532 1256 579 effe
1275 566 1286 585 ,
1323 544 1414 586 quas

104 596 382 651 haemisphaerii
441 596 600 635 borealis
651 595 711 637 sub
759 597 892 637 eadem
953 597 1181 650 longitudine
1230 605 1290 637 aut
1337 608 1413 637 non

106 662 268 702 multum
330 659 521 701 differente
540 692 552 712 ,
620 660 704 701 dein
771 660 945 701 credibile
1010 661 1083 700 effe
1145 660 1286 700 nostros
1351 672 1414 700 vr-

104 724 162 764 sos
203 725 364 765 marinos
414 722 473 763 sub
538 723 675 763 eodem
709 724 823 776 gradu
889 725 928 763 in
987 732 1092 776 parte
1142 722 1281 763 boreali
1341 722 1412 774 hy-

106 788 265 828 bernare.
320 788 431 829 Forte
465 787 567 826 dabit
601 786 801 839 aliquando
834 784 906 826 sors
927 816 938 835 ,
972 794 1018 824 vt
1057 797 1145 825 cum
1187 797 1259 824 nos*
1287 784 1415 824 aestiua

108 851 317 891 diuerticula
348 851 597 891 inuenerimus
617 881 628 898 ‚
669 849 727 890 alii
767 849 962 902 aliquando
1012 847 1260 900 liybernacula
1310 848 1417 887 inue-

106 915 240 966 niant,
291 926 383 967 quae
417 914 443 954 si
475 927 553 954 non
593 913 643 953 est
676 922 768 953 terra
816 910 1058 966 Compagnie
1107 905 1232 961 ssonb
1282 910 1382 952 dieta
1404 942 1417 963 ‚

105 976 199 1017 forte
230 987 320 1018 terra
353 990 430 1018 non
464 977 577 1031 longe
611 975 743 1016 abhinc
777 975 894 1016 diffita
926 985 963 1014 et
981 975 1176 1027 aliquando
1198 973 1417 1027 detegenda.

167 1039 304 1080 Icones
319 1041 484 1092 duplices
501 1041 582 1081 fieti
600 1039 728 1079 curaui
749 1071 759 1089 ,
778 1049 933 1092 quarum
953 1038 1057 1091 prior
1092 1029 1175 1090 Fig.
1202 1048 1239 1077 1.
1272 1049 1496 1087 maremvrab,
1516 1050 1581 1085 xv.

103 1103 190 1145 fistit
210 1103 298 1142 saxo
314 1104 536 1144 insistentem
554 1135 565 1154 ‚
583 1111 627 1141 vt
646 1101 865 1154 plerumque
883 1109 1080 1140 cernuntur
1107 1131 1118 1150 ,
1136 1099 1249 1138 altera
1268 1100 1348 1151 Fig.
1373 1113 1417 1139 2.

104 1165 317 1205 soemelhm
360 1165 481 1216 fiipine
520 1167 558 1202 in
608 1163 717 1201 dorso
762 1163 948 1202 iacentem
999 1162 1192 1202 minorem
1215 1192 1226 1213 ,
1269 1161 1417 1216 potissi-

101 1239 212 1268 mum
245 1225 391 1266 oblianc
425 1224 609 1267 rationem
628 1256 639 1276 ,
674 1235 746 1277 quo
779 1225 1022 1278 posteriorum
1054 1226 1195 1279 pedum
1213 1225 1329 1279 figura
1348 1237 1417 1279 ap-

97 1300 258 1342 pareat,
293 1299 385 1341 quae
415 1288 452 1327 in
488 1286 636 1327 sedente
667 1278 727 1327 ad*
748 1297 916 1328 naturam
951 1289 1119 1342 exprimi
1152 1299 1229 1328 non
1272 1290 1416 1342 potuit.

158 1351 272 1407 Qiod
323 1352 457 1391 attinet
490 1351 537 1391 ad
574 1350 711 1401 stylum
747 1359 784 1390 et
803 1352 976 1392 ordinem
1010 1352 1248 1392 materiarum
1274 1383 1285 1402 ‚
1315 1351 1417 1393 mul-

99 1414 220 1454 titudo
269 1414 510 1467 negotiorum
562 1426 640 1453 non
672 1416 859 1467 permittit
879 1447 889 1467 ,
942 1424 988 1454 vt
1020 1415 1082 1454 vni
1122 1415 1417 1468 rei-perpolien-

98 1477 170 1517 dae
203 1478 362 1517 nimium
395 1477 610 1517 inhaeream
644 1477 708 1517 nisi
739 1477 856 1518 multa
888 1477 950 1518 sub
984 1477 1154 1518 manibus
1197 1478 1315 1531 perire
1349 1488 1418 1532 pa-

104 1549 233 1593 terer,
268 1553 420 1594 appono
452 1542 564 1594 igitur
596 1540 742 1595 pultem
778 1540 958 1593 curiofis‚
991 1542 1120 1580 terreis
1160 1541 1252 1581 vasis
1301 1541 1416 1580 inclu-

103 1602 181 1642 fiim
201 1635 212 1654 ‚
246 1603 302 1642 cui
335 1615 399 1643 vas
428 1605 599 1645 nauseam
638 1604 808 1645 monebit
828 1638 838 1657 ,
870 1604 1112 1658 gratissimum
1139 1604 1237 1645 mihi
1270 1613 1308 1644 et
1340 1603 1417 1644 aliis

104 1664 275 1705 officium
310 1666 531 1720 praestabit,
585 1668 610 1708 fi
645 1676 772 1708 totum
826 1680 978 1721 magma
1011 1668 1049 1707 in
1082 1677 1300 1721 argenteum
1353 1676 1417 1708 aut

102 1740 253 1768 autenm
287 1729 532 1770 transfundere
566 1731 669 1771 velit.
721 1731 837 1786 Quod
871 1732 935 1772 vel
965 1731 1223 1772 minutissimas
1243 1731 1411 1770 circum-

105 1791 250 1832 stantias
282 1794 536 1831 annotauerim
557 1823 568 1841 ,
603 1803 800 1844 propterea
832 1795 890 1844 egi
909 1826 920 1844 ,
952 1803 997 1833 vt
1027 1793 1120 1832 nihil
1139 1793 1278 1832 horum
1306 1804 1413 1844 prae-

106 1853 355 1893 termitterem
374 1885 384 1904 ,
416 1866 509 1906 quae
541 1854 635 1894 mihi
667 1854 788 1894 sedulo
821 1856 1001 1907 spectanti
1035 1856 1262 1895 innotuerint
1281 1888 1292 1906 ,
1322 1855 1413 1895 reli-

105 1929 220 1969 quum
254 1916 419 1969 spondeo
450 1930 514 1956 me
547 1918 690 1957 nonnisl
723 1916 908 1958 verissima
940 1918 1099 1959 indicare
1118 1951 1129 1970 ‚
1158 1918 1309 1958 breuior
1344 1917 1416 1958 de-

108 1979 256 2032 scriptio
280 1979 422 2033 semper
443 1980 522 2019 fieri
540 1980 683 2032 potest,
717 1993 792 2020 non
828 1990 953 2023 autem
989 1981 1136 2034 longior
1153 1990 1213 2023 aut
1240 1980 1418 2037 plenior,

103 2042 139 2099 fi
170 2043 216 2085 ab
246 2043 354 2088 initio
386 2043 652 2101 angustioribus
682 2044 853 2086 terminis
884 2043 1018 2088 inclusa
1051 2043 1129 2088 filit.

1199 2297 1413 2354 Descriptio
