1971 2700
469 167 534 214 ,ρ
599 145 941 201 mDAGATrO
971 143 1260 196 FocothM
1287 146 1354 193 nv
1386 144 1658 197 OMNIBVS

472 270 622 313 Verum
643 270 704 314 hic
723 269 870 311 videtur
901 264 973 308 ess'e
1013 265 1260 321 supposititius
1307 276 1359 307 ex
1388 263 1591 310 rationibus
1620 267 1660 309 in
1692 264 1721 308 Ι.
1754 276 1793 308 c.

471 336 671 392 allegatis3
728 345 769 374 vt
804 335 928 388 {tique
969 333 1151 387 proxime
1183 329 1230 373 sit
1263 342 1360 372 vero
1379 361 1392 381 ‚
1425 340 1570 371 veteres
1633 343 1793 386 geome-

473 411 546 442 τηις
565 402 632 441 lou
652 399 884 455 geometriae
902 406 1063 437 attentos
1082 394 1183 436 ffiisse
1203 425 1217 449 ‚
1236 394 1416 451 pbyficae
1434 404 1564 436 autem
1606 397 1763 438 eundem
1785 428 1795 451 ‚

472 465 540 506 vbi
559 466 663 506 facile
682 465 796 504 etiam
819 462 899 501 fieri
918 462 957 500 id
985 457 1164 514 potuisset
1180 491 1192 512 ,
1211 471 1288 501 non
1304 459 1530 515 apphcuisse.

588 530 623 578 §.
650 540 689 567 2.
723 524 1036 580 Subsequentium
1068 523 1203 566 deinde
1220 522 1430 566 seculorum
1458 523 1683 579 perspicacia
1700 555 1714 576 ‚
1731 522 1797 567 do-

472 604 585 637 mum
625 593 749 634 maior
789 598 926 631 exorta
945 622 956 642 ,
987 587 1187 630 oculorum
1217 587 1339 630 diuifit
1371 587 1501 630 officia
1520 622 1533 642 ,
1563 587 1730 642 iussitque
1755 596 1800 632 vt

470 656 564 699 alter
613 655 845 712 geometriae
897 654 1038 707 legibus
1087 651 1132 694 sit
1184 653 1348 694 intentu5
1366 686 1378 706 ,
1429 653 1524 694 alter
1557 666 1653 696 vero
1670 651 1798 707 physi-

471 732 535 761 cae
567 719 678 762 fimul
712 717 807 759 iustis
839 718 992 759 studeat.
1062 716 1177 757 Vnde
1209 718 1307 759 circa
1340 717 1512 760 medium
1546 716 1654 758 seculi
1697 715 1801 758 deci-

472 784 528 826 mi
562 785 680 839 quinti
734 784 893 825 Ioannes
931 780 1242 836 Regiomontanus
1274 794 1456 836 magnum
1486 781 1676 838 speculum
1728 793 1800 822 an-

472 848 602 890 nulare
670 847 929 904 parabolicum
983 846 1182 889 causticum
1251 858 1303 888 ex
1353 846 1511 888 metallo
1575 844 1798 888 confectum
1867 863 1875 871 ·

474 914 688 967 produxit,
721 913 823 968 quod
858 911 1031 966 primum
1065 910 1135 952 filit
1165 911 1343 952 omniurn
1374 911 1412 952 in
1445 906 1653 953 Germania
1702 907 1802 950 viso·

474 990 559 1019 rum
580 1011 591 1030 ,
625 977 779 1017 test-inte
813 973 1005 1017 Celeberr.
1063 974 1349 1030 Doppelmaiero
1367 1007 1379 1026 ,
1429 974 1475 1016 de
1525 972 1802 1016 mathematicis

474 1041 832 1098 norinbergetfibus‚
886 1041 922 1079 in
958 1041 1039 1080 vita
1074 1039 1381 1092 Regiomontani
1401 1070 1411 1090 ,
1463 1050 1500 1092 p.
1539 1049 1614 1088 23.
1637 1048 1803 1078 necnon

473 1104 713 1161 bibliotheque
746 1105 989 1157 germanique
1041 1103 1086 1142 ad
1127 1105 1259 1149 1736.
1297 1113 1335 1152 p.
1371 1111 1415 1147 7·
1435 1101 1564 1141 Postea
1582 1101 1706 1142 etiam
1731 1100 1773 1142 V
1771 1102 1788 1145 ἱ

473 1169 569 1211 tellio
589 1203 601 1224 ‚
642 1171 679 1210 in
705 1163 935 1226 perspefflua
956 1197 970 1218 ‚
1037 1166 1139 1206 edita
1190 1164 1459 1219 Noriubergac
1493 1175 1594 1204 anno
1650 1175 1767 1216 1535
1792 1198 1806 1220 2

472 1233 574 1276 libro
602 1232 666 1276 IX
687 1267 699 1288 ‚
749 1232 872 1274 theor.
908 1241 966 1282 43
991 1263 1004 1284 ,
1036 1229 1242 1271 luculenter
1272 1229 1461 1280 ostendit,
1492 1239 1562 1282 qua
1611 1229 1759 1268 ratione
1783 1239 1806 1270 a

473 1295 673 1353 superficie
721 1296 957 1353 speculonun
1008 1293 1312 1348 parabolicorum
1373 1293 1506 1347 ignem
1558 1289 1731 1345 possibile
1759 1289 1805 1333 fit

474 1362 640 1405 accendi.

520 1423 522 1425 ’
592 1428 627 1478 §-
649 1438 690 1477 3.
726 1422 886 1466 constat
915 1424 1029 1479 igitur
1059 1421 1173 1463 hodie
1194 1453 1205 1473 ,
1241 1421 1370 1463 focum
1402 1418 1588 1462 actualem
1606 1428 1646 1460 et
1680 1418 1806 1475 physi-

475 1500 565 1531 tum
586 1523 598 1544 ,
631 1489 708 1532 hoc
741 1489 794 1530 est
812 1521 825 1542 ,
856 1489 933 1529 tale
966 1486 1455 1542 punctumgeometricum
1475 1517 1487 1537 ,
1521 1485 1559 1526 in
1576 1484 1678 1539 quod
1706 1484 1803 1527 radii

476 1551 568 1595 tucis
599 1553 721 1608 illapsi
770 1562 811 1593 et
842 1565 866 1594 a
898 1562 1028 1593 natura
1059 1563 1195 1592 cumae
1245 1549 1400 1592 collecti
1449 1549 1579 1603 ignem
1639 1550 1807 1591 excitare

479 1614 618 1670 possint
637 1649 649 1669 ,
681 1616 761 1657 dari
794 1616 835 1656 iu
866 1615 1008 1657 duabus
1041 1614 1268 1656 sectionibus
1297 1615 1467 1664 conicis‚
1502 1612 1677 1666 parabola
1697 1625 1803 1655 nem-

480 1693 528 1736 pe
548 1693 590 1721 nc
608 1680 727 1735 ellipfi
749 1694 761 1735 ·,
780 1691 941 1733 cumque
967 1679 1154 1734 punctum
1195 1677 1273 1719 hoc
1291 1711 1303 1731 ,
1338 1690 1389 1718 ex
1421 1678 1677 1718 concinnitate
1713 1689 1806 1731 geo·

479 1746 669 1797 metrica,
698 1745 747 1785 ibi
799 1744 963 1798 positum
1015 1743 1058 1785 sit
1107 1744 1146 1784 in
1194 1755 1298 1795 axe,
1331 1741 1397 1782 vbi
1448 1741 1634 1794 applicata
1667 1740 1805 1782 ortho-

479 1809 627 1863 gomlis
658 1819 878 1863 parametro
914 1819 1048 1850 cumae
1087 1807 1143 1849 est
1172 1807 1359 1861 aequalis:
1394 1804 1484 1846 hinc
1534 1802 1678 1845 fictum
1725 1803 1811 1858 est,

481 1881 527 1913 vt
564 1871 738 1914 austores
785 1871 898 1927 aliqui
929 1883 981 1914 ex
1013 1871 1086 1914 bac
1136 1870 1369 1927 proprietate
1403 1867 1532 1910 lbcum
1565 1866 1810 1909 definiuerint

482 1948 550 1992 per
583 1936 769 1990 punctum
799 1948 943 1987 axem,
979 1937 1018 1977 in
1051 1948 1130 1989 quo
1157 1933 1367 1976 ordinatim
1399 1930 1587 1984 applicata
1624 1942 1807 1985 aequatur

481 2010 702 2055 pammetro
721 2031 733 2052 ,
763 2000 995 2053 geometrice
1030 1997 1158 2050 potius
1187 2007 1302 2049 qutun
1354 1993 1541 2048 phyficc·,
1574 2004 1684 2049 atque
1716 1996 1804 2036 dein

482 2063 673 2105 stitucrint
694 2095 706 2117 ,
738 2061 933 2118 parabolas
963 2069 1004 2101 et
1037 2058 1178 2114 ellipses
1226 2057 1430 2112 superiores
1461 2071 1610 2114 quoque
1637 2059 1720 2101 suos
1736 2058 1806 2101 ha-

478 2129 569 2172 bere
600 2125 744 2184 socos3
776 2126 863 2182 quia
899 2125 1083 2168 nimirum
1116 2125 1154 2167 iu
1194 2123 1374 2167 omnibus
1421 2135 1556 2167 earum
1606 2124 1806 2180 generibus

1649 2186 1808 2232 summis
