<?xml version="1.0" encoding="UTF-8"?>
<!DOCTYPE html PUBLIC "-//W3C//DTD XHTML 1.0 Transitional//EN"
    "http://www.w3.org/TR/xhtml1/DTD/xhtml1-transitional.dtd">
<html xmlns="http://www.w3.org/1999/xhtml" xml:lang="en" lang="en">
 <head>
  <title>
</title>
<meta http-equiv="Content-Type" content="text/html;charset=utf-8" />
  <meta name='ocr-system' content='tesseract 3.04.00' />
  <meta name='ocr-capabilities' content='ocr_page ocr_carea ocr_par ocr_line ocrx_word'/>
</head>
<body>
  <div class='ocr_page' id='page_1' title='image "./novicommentariac02impe_0195.png"; bbox 0 0 1971 2700; ppageno 0'>
   <div class='ocr_carea' id='block_1_1' title="bbox 534 194 1450 254">
    <p class='ocr_par' dir='ltr' id='par_1_1' title="bbox 534 194 1450 254">
     <span class='ocr_line' id='line_1_1' title="bbox 534 194 1450 254; baseline -0.003 -11"><span class='ocrx_word' id='word_1_1' title='bbox 534 194 855 247; x_wconf 83' lang='lat' dir='ltr'><em>FRlGIDIORI</em></span> <span class='ocrx_word' id='word_1_2' title='bbox 885 194 1048 240; x_wconf 82' lang='lat' dir='ltr'><em>AERE.</em></span> <span class='ocrx_word' id='word_1_3' title='bbox 1367 214 1384 240; x_wconf 87' lang='lat'>1</span> <span class='ocrx_word' id='word_1_4' title='bbox 1395 213 1415 252; x_wconf 80' lang='grc' dir='ltr'><strong><em>ς</em></strong></span> <span class='ocrx_word' id='word_1_5' title='bbox 1424 214 1450 254; x_wconf 88' lang='lat'>9</span> 
     </span>
    </p>
   </div>
   <div class='ocr_carea' id='block_1_2' title="bbox 140 308 1494 2212">
    <p class='ocr_par' dir='ltr' id='par_1_2' title="bbox 140 308 1456 1988">
     <span class='ocr_line' id='line_1_2' title="bbox 240 308 1455 370; baseline 0.001 -17"><span class='ocrx_word' id='word_1_6' title='bbox 240 340 243 342; x_wconf 93' lang='lat'><em>-</em></span> <span class='ocrx_word' id='word_1_7' title='bbox 277 313 318 370; x_wconf 86' lang='lat'>1)</span> <span class='ocrx_word' id='word_1_8' title='bbox 350 313 435 355; x_wconf 85' lang='lat' dir='ltr'>Post</span> <span class='ocrx_word' id='word_1_9' title='bbox 466 308 547 352; x_wconf 87' lang='lat' dir='ltr'>solis</span> <span class='ocrx_word' id='word_1_10' title='bbox 576 310 745 352; x_wconf 85' lang='lat' dir='ltr'>occasum</span> <span class='ocrx_word' id='word_1_11' title='bbox 779 311 980 364; x_wconf 86' lang='lat' dir='ltr'>temperies</span> <span class='ocrx_word' id='word_1_12' title='bbox 1012 310 1105 352; x_wconf 83' lang='lat' dir='ltr'>a&#39;e’ris</span> <span class='ocrx_word' id='word_1_13' title='bbox 1125 342 1135 362; x_wconf 88' lang='lat'>,</span> <span class='ocrx_word' id='word_1_14' title='bbox 1175 316 1268 363; x_wconf 77' lang='lat' dir='ltr'>quae</span> <span class='ocrx_word' id='word_1_15' title='bbox 1300 310 1455 354; x_wconf 83' lang='lat' dir='ltr'><strong>interdiu</strong></span> 
     </span>
     <span class='ocr_line' id='line_1_3' title="bbox 150 371 1454 428; baseline 0 -10"><span class='ocrx_word' id='word_1_16' title='bbox 150 378 338 419; x_wconf 79' lang='lat' dir='ltr'>ordinario</span> <span class='ocrx_word' id='word_1_17' title='bbox 387 376 510 417; x_wconf 86' lang='lat' dir='ltr'>maior</span> <span class='ocrx_word' id='word_1_18' title='bbox 534 375 586 414; x_wconf 90' lang='lat' dir='ltr'>est</span> <span class='ocrx_word' id='word_1_19' title='bbox 635 374 822 427; x_wconf 86' lang='lat' dir='ltr'><strong>temperie</strong></span> <span class='ocrx_word' id='word_1_20' title='bbox 861 386 975 427; x_wconf 85' lang='lat' dir='ltr'>aquae</span> <span class='ocrx_word' id='word_1_21' title='bbox 1009 375 1045 413; x_wconf 89' lang='lat' dir='ltr'>in</span> <span class='ocrx_word' id='word_1_22' title='bbox 1079 371 1268 428; x_wconf 87' lang='lat' dir='ltr'>superficie</span> <span class='ocrx_word' id='word_1_23' title='bbox 1321 376 1454 417; x_wconf 81' lang='lat' dir='ltr'>telluris</span> 
     </span>
     <span class='ocr_line' id='line_1_4' title="bbox 146 436 1453 495; baseline 0 -15"><span class='ocrx_word' id='word_1_24' title='bbox 146 441 344 495; x_wconf 83' lang='lat' dir='ltr'>stagnantis</span> <span class='ocrx_word' id='word_1_25' title='bbox 375 436 544 480; x_wconf 85' lang='lat' dir='ltr'>decrescit</span> <span class='ocrx_word' id='word_1_26' title='bbox 573 438 624 477; x_wconf 83' lang='lat' dir='ltr'>ita</span> <span class='ocrx_word' id='word_1_27' title='bbox 644 470 654 488; x_wconf 87' lang='lat'>,</span> <span class='ocrx_word' id='word_1_28' title='bbox 688 447 731 477; x_wconf 91' lang='lat' dir='ltr'>vt</span> <span class='ocrx_word' id='word_1_29' title='bbox 766 438 918 478; x_wconf 90' lang='lat' dir='ltr'>tandem</span> <span class='ocrx_word' id='word_1_30' title='bbox 953 438 1083 477; x_wconf 85' lang='lat' dir='ltr'>minor</span> <span class='ocrx_word' id='word_1_31' title='bbox 1124 437 1254 477; x_wconf 85' lang='lat' dir='ltr'>euadat</span> <span class='ocrx_word' id='word_1_32' title='bbox 1292 447 1453 494; x_wconf 86' lang='lat' dir='ltr'>tempe-</span> 
     </span>
     <span class='ocr_line' id='line_1_5' title="bbox 146 500 1456 559; baseline 0.002 -16"><span class='ocrx_word' id='word_1_33' title='bbox 146 505 201 543; x_wconf 88' lang='lat' dir='ltr'>rie</span> <span class='ocrx_word' id='word_1_34' title='bbox 234 508 347 559; x_wconf 84' lang='lat' dir='ltr'>a&#39;quae</span> <span class='ocrx_word' id='word_1_35' title='bbox 368 536 379 555; x_wconf 87' lang='lat'>,</span> <span class='ocrx_word' id='word_1_36' title='bbox 409 502 508 542; x_wconf 85' lang='lat' dir='ltr'>hinc&#39;</span> <span class='ocrx_word' id='word_1_37' title='bbox 527 500 625 540; x_wconf 88' lang='lat' dir='ltr'>nulla</span> <span class='ocrx_word' id='word_1_38' title='bbox 659 501 819 554; x_wconf 88' lang='lat' dir='ltr'>amplius</span> <span class='ocrx_word' id='word_1_39' title='bbox 852 500 1026 540; x_wconf 65' lang='lat' dir='ltr'>collectio</span> <span class='ocrx_word' id='word_1_40' title='bbox 1044 509 1229 554; x_wconf 79' lang='lat' dir='ltr'>vaporum</span> <span class='ocrx_word' id='word_1_41' title='bbox 1248 504 1456 556; x_wconf 68' lang='lat' dir='ltr'>expectan‘·</span> 
     </span>
     <span class='ocr_line' id='line_1_6' title="bbox 144 563 1453 619; baseline 0.001 -12"><span class='ocrx_word' id='word_1_42' title='bbox 144 568 190 607; x_wconf 83' lang='lat' dir='ltr'>da</span> <span class='ocrx_word' id='word_1_43' title='bbox 220 568 273 607; x_wconf 89' lang='lat' dir='ltr'>est</span> <span class='ocrx_word' id='word_1_44' title='bbox 293 600 304 619; x_wconf 90' lang='lat'>,</span> <span class='ocrx_word' id='word_1_45' title='bbox 335 566 392 606; x_wconf 84' lang='lat' dir='ltr'>sed</span> <span class='ocrx_word' id='word_1_46' title='bbox 422 563 494 603; x_wconf 86' lang='lat' dir='ltr'>sola</span> <span class='ocrx_word' id='word_1_47' title='bbox 536 565 752 616; x_wconf 86' lang='lat' dir='ltr'>euaporatio</span> <span class='ocrx_word' id='word_1_48' title='bbox 784 577 853 617; x_wconf 90' lang='lat' dir='ltr'>per</span> <span class='ocrx_word' id='word_1_49' title='bbox 887 572 1078 603; x_wconf 87' lang='lat' dir='ltr'>tentamen</span> <span class='ocrx_word' id='word_1_50' title='bbox 1120 565 1159 604; x_wconf 87' lang='lat' dir='ltr'>in</span> <span class='ocrx_word' id='word_1_51' title='bbox 1193 564 1316 617; x_wconf 74' lang='lat' dir='ltr'>legem</span> <span class='ocrx_word' id='word_1_52' title='bbox 1368 572 1453 608; x_wconf 57' lang='lat' dir='ltr'>eua&#39;a</span> 
     </span>
     <span class='ocr_line' id='line_1_7' title="bbox 146 620 1455 683; baseline 0.002 -15"><span class='ocrx_word' id='word_1_53' title='bbox 146 630 351 683; x_wconf 78' lang='lat' dir='ltr'>potationis</span> <span class='ocrx_word' id='word_1_54' title='bbox 383 629 436 668; x_wconf 84' lang='lat' dir='ltr'>ex&#39;</span> <span class='ocrx_word' id='word_1_55' title='bbox 465 620 556 679; x_wconf 79' lang='lat' dir='ltr'>aqua</span> <span class='ocrx_word' id='word_1_56' title='bbox 588 628 752 668; x_wconf 86' lang='lat' dir='ltr'>calidiorl</span> <span class='ocrx_word' id='word_1_57' title='bbox 784 630 884 668; x_wconf 75' lang='lat' dir='ltr'>ae&#39;re.</span> <span class='ocrx_word' id='word_1_58' title='bbox 948 627 1059 680; x_wconf 87' lang='lat' dir='ltr'><strong>Aqua</strong></span> <span class='ocrx_word' id='word_1_59' title='bbox 1092 629 1197 668; x_wconf 91' lang='lat' dir='ltr'>enim</span> <span class='ocrx_word' id='word_1_60' title='bbox 1232 629 1269 667; x_wconf 92' lang='lat' dir='ltr'>in</span> <span class='ocrx_word' id='word_1_61' title='bbox 1304 623 1455 683; x_wconf 75' lang='lat' dir='ltr'>snp&#39;erfi-</span> 
     </span>
     <span class='ocr_line' id='line_1_8' title="bbox 145 690 1456 762; baseline 0 -29"><span class='ocrx_word' id='word_1_62' title='bbox 145 693 203 733; x_wconf 88' lang='lat' dir='ltr'>cie</span> <span class='ocrx_word' id='word_1_63' title='bbox 235 693 371 733; x_wconf 86' lang='lat' dir='ltr'>telluris</span> <span class='ocrx_word' id='word_1_64' title='bbox 402 691 558 731; x_wconf 87' lang='lat' dir='ltr'>interdiu</span> <span class='ocrx_word' id='word_1_65' title='bbox 590 690 766 730; x_wconf 59' lang='lat' dir='ltr'>calenda</span> <span class='ocrx_word' id='word_1_66' title='bbox 799 701 838 731; x_wconf 89' lang='lat' dir='ltr'>et</span> <span class='ocrx_word' id='word_1_67' title='bbox 870 692 1122 743; x_wconf 79' lang='lat' dir='ltr'>e&#39;uaporationi</span> <span class='ocrx_word' id='word_1_68' title='bbox 1175 700 1386 762; x_wconf 81' lang='lat' dir='ltr'>praeparata</span> <span class='ocrx_word' id='word_1_69' title='bbox 1417 695 1456 733; x_wconf 81' lang='lat' dir='ltr'>in</span> 
     </span>
     <span class='ocr_line' id='line_1_9' title="bbox 145 754 1456 812; baseline 0.001 -17"><span class='ocrx_word' id='word_1_70' title='bbox 145 758 273 796; x_wconf 87' lang='lat' dir='ltr'>ae&#39;rem</span> <span class='ocrx_word' id='word_1_71' title='bbox 308 754 550 812; x_wconf 87' lang='lat' dir='ltr'>frigidiorem</span> <span class='ocrx_word' id='word_1_72' title='bbox 619 754 835 794; x_wconf 84' lang='lat' dir='ltr'>transmittit</span> <span class='ocrx_word' id='word_1_73' title='bbox 886 765 1074 805; x_wconf 71' lang='lat' dir='ltr'>vapores,</span> <span class='ocrx_word' id='word_1_74' title='bbox 1125 754 1214 806; x_wconf 87' lang='lat' dir='ltr'>qui,</span> <span class='ocrx_word' id='word_1_75' title='bbox 1264 754 1290 793; x_wconf 88' lang='lat' dir='ltr'>fi</span> <span class='ocrx_word' id='word_1_76' title='bbox 1337 756 1456 796; x_wconf 68' lang='lat' dir='ltr'>offen·-</span> 
     </span>
     <span class='ocr_line' id='line_1_10' title="bbox 146 808 1455 886; baseline -0.001 -27"><span class='ocrx_word' id='word_1_77' title='bbox 146 818 236 859; x_wconf 89' lang='lat' dir='ltr'>dunt</span> <span class='ocrx_word' id='word_1_78' title='bbox 267 824 425 886; x_wconf 86' lang='lat' dir='ltr'>corpora</span> <span class='ocrx_word' id='word_1_79' title='bbox 458 829 478 857; x_wconf 89' lang='lat' dir='ltr'>a</span> <span class='ocrx_word' id='word_1_80' title='bbox 511 816 638 857; x_wconf 88' lang='lat' dir='ltr'>tellure</span> <span class='ocrx_word' id='word_1_81' title='bbox 670 808 892 872; x_wconf 85' lang='lat' dir='ltr'>aliquatenus</span> <span class='ocrx_word' id='word_1_82' title='bbox 922 825 1102 868; x_wconf 82' lang='lat' dir='ltr'>remota,</span> <span class='ocrx_word' id='word_1_83' title='bbox 1138 823 1305 870; x_wconf 82' lang='lat' dir='ltr'>vapores</span> <span class='ocrx_word' id='word_1_84' title='bbox 1324 816 1455 858; x_wconf 84' lang='lat' dir='ltr'>fortius</span> 
     </span>
     <span class='ocr_line' id='line_1_11' title="bbox 145 879 1455 934; baseline 0 -13"><span class='ocrx_word' id='word_1_85' title='bbox 145 882 324 922; x_wconf 78' lang='lat' dir='ltr'>trahentia</span> <span class='ocrx_word' id='word_1_86' title='bbox 352 890 389 920; x_wconf 91' lang='lat' dir='ltr'>et</span> <span class='ocrx_word' id='word_1_87' title='bbox 421 892 591 933; x_wconf 85' lang='lat' dir='ltr'>magnae</span> <span class='ocrx_word' id='word_1_88' title='bbox 587 880 771 934; x_wconf 72' lang='grc' dir='ltr'>ιείΡεᾶιι</span> <span class='ocrx_word' id='word_1_89' title='bbox 802 879 1010 934; x_wconf 68' lang='lat' dir='ltr'>quantitatis</span> <span class='ocrx_word' id='word_1_90' title='bbox 1030 880 1208 919; x_wconf 86' lang='lat' dir='ltr'>materiae</span> <span class='ocrx_word' id='word_1_91' title='bbox 1227 879 1455 933; x_wconf 78' lang='lat' dir='ltr'>superficiei&#39;,</span> 
     </span>
     <span class='ocr_line' id='line_1_12' title="bbox 144 934 1454 1003; baseline 0 -19"><span class='ocrx_word' id='word_1_92' title='bbox 144 950 189 984; x_wconf 91' lang='lat' dir='ltr'>v&#39;t</span> <span class='ocrx_word' id='word_1_93' title='bbox 219 945 315 984; x_wconf 76' lang='lat' dir='ltr'>ae&#39;ris</span> <span class='ocrx_word' id='word_1_94' title='bbox 346 934 545 1003; x_wconf 76' lang='lat' dir='ltr'>temperies</span> <span class='ocrx_word' id='word_1_95' title='bbox 584 943 688 983; x_wconf 71' lang='lat' dir='ltr'>facile</span> <span class='ocrx_word' id='word_1_96' title='bbox 720 956 804 983; x_wconf 84' lang='lat' dir='ltr'>cum</span> <span class='ocrx_word' id='word_1_97' title='bbox 839 945 881 982; x_wconf 89' lang='lat' dir='ltr'>iis</span> <span class='ocrx_word' id='word_1_98' title='bbox 913 944 1188 982; x_wconf 84' lang='lat' dir='ltr'>communicari</span> <span class='ocrx_word' id='word_1_99' title='bbox 1236 942 1384 997; x_wconf 83' lang='lat' dir='ltr'>poffit&#39;,’</span> <span class='ocrx_word' id='word_1_100' title='bbox 1409 945 1454 984; x_wconf 86' lang='lat' dir='ltr'>iis</span> 
     </span>
     <span class='ocr_line' id='line_1_13' title="bbox 141 1005 1456 1058; baseline 0 -11"><span class='ocrx_word' id='word_1_101' title='bbox 141 1007 340 1048; x_wconf 83' lang='lat' dir='ltr'>adhaerent</span> <span class='ocrx_word' id='word_1_102' title='bbox 374 1017 412 1045; x_wconf 89' lang='lat' dir='ltr'>et</span> <span class='ocrx_word' id='word_1_103' title='bbox 442 1015 569 1046; x_wconf 83' lang='lat' dir='ltr'>rorem</span> <span class='ocrx_word' id='word_1_104' title='bbox 607 1007 798 1046; x_wconf 84' lang='lat' dir='ltr'>exhibent.</span> <span class='ocrx_word' id='word_1_105' title='bbox 863 1006 927 1045; x_wconf 88' lang='lat' dir='ltr'>Ex</span> <span class='ocrx_word' id='word_1_106' title='bbox 959 1005 1213 1058; x_wconf 76' lang='lat' dir='ltr'>atmosphaera</span> <span class='ocrx_word' id='word_1_107' title='bbox 1251 1015 1354 1046; x_wconf 88' lang='lat' dir='ltr'>vero</span> <span class='ocrx_word' id='word_1_108' title='bbox 1378 1013 1456 1047; x_wconf 81' lang='lat' dir='ltr'>non</span> 
     </span>
     <span class='ocr_line' id='line_1_14' title="bbox 142 1060 1455 1127; baseline 0.002 -18"><span class='ocrx_word' id='word_1_109' title='bbox 142 1065 243 1109; x_wconf 73' lang='lat' dir='ltr'>facile</span> <span class='ocrx_word' id='word_1_110' title='bbox 276 1068 499 1109; x_wconf 89' lang='lat' dir='ltr'>descendent</span> <span class='ocrx_word' id='word_1_111' title='bbox 530 1081 692 1121; x_wconf 79' lang='lat' dir='ltr'>vapores</span> <span class='ocrx_word' id='word_1_112' title='bbox 725 1068 846 1108; x_wconf 78' lang='lat' dir='ltr'>verius</span> <span class='ocrx_word' id='word_1_113' title='bbox 874 1060 1107 1127; x_wconf 69' lang='lat' dir='ltr'>superficiem</span> <span class='ocrx_word' id='word_1_114' title='bbox 1141 1069 1276 1109; x_wconf 89' lang='lat' dir='ltr'>telluris</span> <span class='ocrx_word' id='word_1_115' title='bbox 1303 1070 1455 1111; x_wconf 86' lang='lat' dir='ltr'>calidio</span> 
     </span>
     <span class='ocr_line' id='line_1_15' title="bbox 141 1128 1456 1183; baseline 0.001 -12"><span class='ocrx_word' id='word_1_116' title='bbox 141 1140 251 1183; x_wconf 81' lang='lat' dir='ltr'>rem,</span> <span class='ocrx_word' id='word_1_117' title='bbox 284 1132 349 1172; x_wconf 76' lang='lat' dir='ltr'>nisi</span> <span class='ocrx_word' id='word_1_118' title='bbox 382 1133 446 1171; x_wconf 85' lang='lat' dir='ltr'>ae&#39;r</span> <span class='ocrx_word' id='word_1_119' title='bbox 472 1132 670 1183; x_wconf 82' lang='lat' dir='ltr'>vaporibus</span> <span class='ocrx_word' id='word_1_120' title='bbox 700 1132 809 1170; x_wconf 82' lang='lat' dir='ltr'>valde</span> <span class='ocrx_word' id='word_1_121' title='bbox 843 1131 991 1170; x_wconf 87' lang='lat' dir='ltr'>onustus</span> <span class='ocrx_word' id='word_1_122' title='bbox 1023 1131 1099 1181; x_wconf 76' lang='lat' dir='ltr'>sit,</span> <span class='ocrx_word' id='word_1_123' title='bbox 1130 1138 1173 1170; x_wconf 82' lang='lat' dir='ltr'>vt</span> <span class='ocrx_word' id='word_1_124' title='bbox 1215 1128 1456 1172; x_wconf 69' lang='lat' dir='ltr'>coalescentes</span> 
     </span>
     <span class='ocr_line' id='line_1_16' title="bbox 142 1192 1455 1245; baseline 0.002 -12"><span class='ocrx_word' id='word_1_125' title='bbox 142 1200 179 1233; x_wconf 79' lang='lat' dir='ltr'>et</span> <span class='ocrx_word' id='word_1_126' title='bbox 196 1195 293 1233; x_wconf 84' lang='lat' dir='ltr'>vniti</span> <span class='ocrx_word' id='word_1_127' title='bbox 311 1195 408 1231; x_wconf 83' lang='lat' dir='ltr'>inter</span> <span class='ocrx_word' id='word_1_128' title='bbox 424 1192 608 1231; x_wconf 67' lang='lat' dir='ltr'>artensum</span> <span class='ocrx_word' id='word_1_129' title='bbox 629 1204 788 1244; x_wconf 83' lang='lat' dir='ltr'>vapores</span> <span class='ocrx_word' id='word_1_130' title='bbox 818 1197 974 1245; x_wconf 84' lang='lat' dir='ltr'>propter</span> <span class='ocrx_word' id='word_1_131' title='bbox 993 1193 1139 1244; x_wconf 84' lang='lat' dir='ltr'>pondus</span> <span class='ocrx_word' id='word_1_132' title='bbox 1170 1193 1344 1234; x_wconf 65' lang='lat' dir='ltr'>austum</span> <span class='ocrx_word' id='word_1_133' title='bbox 1358 1197 1455 1236; x_wconf 82' lang='lat' dir='ltr'>re&#39;d1—</span> 
     </span>
     <span class='ocr_line' id='line_1_17' title="bbox 141 1254 1454 1310; baseline 0.004 -16"><span class='ocrx_word' id='word_1_134' title='bbox 141 1266 181 1294; x_wconf 85' lang='lat' dir='ltr'>re</span> <span class='ocrx_word' id='word_1_135' title='bbox 206 1263 405 1306; x_wconf 75' lang='lat' dir='ltr'>cogantur.</span> <span class='ocrx_word' id='word_1_136' title='bbox 473 1254 570 1294; x_wconf 91' lang='lat' dir='ltr'>Hinc</span> <span class='ocrx_word' id='word_1_137' title='bbox 604 1255 878 1294; x_wconf 83' lang='lat' dir='ltr'>confirmantur</span> <span class='ocrx_word' id='word_1_138' title='bbox 897 1260 944 1295; x_wconf 75' lang='lat' dir='ltr'>ex</span> <span class='ocrx_word' id='word_1_139' title='bbox 964 1259 1132 1308; x_wconf 71' lang='lat' dir='ltr'>parte—ea</span> <span class='ocrx_word' id='word_1_140' title='bbox 1152 1289 1162 1308; x_wconf 78' lang='lat'>,</span> <span class='ocrx_word' id='word_1_141' title='bbox 1177 1268 1272 1310; x_wconf 82' lang='lat' dir='ltr'>quae</span> <span class='ocrx_word' id='word_1_142' title='bbox 1308 1255 1454 1299; x_wconf 74' lang='lat' dir='ltr'>&#39;Clariffi</span> 
     </span>
     <span class='ocr_line' id='line_1_18' title="bbox 141 1315 1452 1373; baseline 0.005 -18"><span class='ocrx_word' id='word_1_143' title='bbox 141 1315 290 1373; x_wconf 70' lang='lat' dir='ltr'>Gerste&#39;n</span> <span class='ocrx_word' id='word_1_144' title='bbox 322 1318 360 1356; x_wconf 91' lang='lat' dir='ltr'>in</span> <span class='ocrx_word' id='word_1_145' title='bbox 396 1318 664 1357; x_wconf 83' lang='lat' dir='ltr'>tentaminibus</span> <span class='ocrx_word' id='word_1_146' title='bbox 695 1317 894 1369; x_wconf 82' lang='lat' dir='ltr'>systematis</span> <span class='ocrx_word' id='word_1_147' title='bbox 926 1319 1014 1358; x_wconf 88' lang='lat' dir='ltr'>noui</span> <span class='ocrx_word' id='word_1_148' title='bbox 1045 1319 1106 1359; x_wconf 30' lang='lat' dir='ltr'>ad*</span> <span class='ocrx_word' id='word_1_149' title='bbox 1125 1322 1351 1361; x_wconf 78' lang='lat' dir='ltr'>mutationes</span> <span class='ocrx_word' id='word_1_150' title='bbox 1386 1323 1452 1363; x_wconf 65' lang='lat' dir='ltr'>bai-</span> 
     </span>
     <span class='ocr_line' id='line_1_19' title="bbox 140 1380 1451 1437; baseline 0.004 -17"><span class='ocrx_word' id='word_1_151' title='bbox 140 1381 355 1420; x_wconf 82' lang='lat' dir='ltr'>rometricas</span> <span class='ocrx_word' id='word_1_152' title='bbox 387 1380 433 1419; x_wconf 90' lang='lat' dir='ltr'>de</span> <span class='ocrx_word' id='word_1_153' title='bbox 464 1390 549 1420; x_wconf 91' lang='lat' dir='ltr'>ortu</span> <span class='ocrx_word' id='word_1_154' title='bbox 581 1382 674 1420; x_wconf 87' lang='lat' dir='ltr'>roris</span> <span class='ocrx_word' id='word_1_155' title='bbox 705 1380 830 1421; x_wconf 88' lang='lat' dir='ltr'>multis</span> <span class='ocrx_word' id='word_1_156' title='bbox 862 1387 915 1421; x_wconf 66' lang='lat' dir='ltr'>ex·</span> <span class='ocrx_word' id='word_1_157' title='bbox 938 1383 1258 1424; x_wconf 80' lang='lat' dir='ltr'>&#39;obseruationibus</span> <span class='ocrx_word' id='word_1_158' title='bbox 1275 1386 1451 1437; x_wconf 63' lang='lat' dir='ltr'>deduxit3</span> 
     </span>
     <span class='ocr_line' id='line_1_20' title="bbox 142 1443 1452 1504; baseline 0.006 -23"><span class='ocrx_word' id='word_1_159' title='bbox 142 1443 319 1482; x_wconf 85' lang='lat' dir='ltr'>nimirum</span> <span class='ocrx_word' id='word_1_160' title='bbox 356 1455 483 1482; x_wconf 90' lang='lat' dir='ltr'>rorem</span> <span class='ocrx_word' id='word_1_161' title='bbox 519 1456 568 1482; x_wconf 89' lang='lat' dir='ltr'>ex</span> <span class='ocrx_word' id='word_1_162' title='bbox 600 1444 806 1497; x_wconf 82' lang='lat' dir='ltr'>vaporibus</span> <span class='ocrx_word' id='word_1_163' title='bbox 838 1444 1106 1485; x_wconf 80' lang='lat' dir='ltr'>ascendentibus</span> <span class='ocrx_word' id='word_1_164' title='bbox 1123 1447 1304 1499; x_wconf 71' lang='lat' dir='ltr'>generari.</span> <span class='ocrx_word' id='word_1_165' title='bbox 1337 1447 1452 1504; x_wconf 76' lang='lat' dir='ltr'>Quod</span> 
     </span>
     <span class='ocr_line' id='line_1_21' title="bbox 141 1507 1453 1552; baseline 0.006 -8"><span class='ocrx_word' id='word_1_166' title='bbox 141 1516 236 1544; x_wconf 90' lang='lat' dir='ltr'>vero</span> <span class='ocrx_word' id='word_1_167' title='bbox 270 1507 316 1546; x_wconf 88' lang='lat' dir='ltr'>ad</span> <span class='ocrx_word' id='word_1_168' title='bbox 367 1507 653 1547; x_wconf 79' lang='lat' dir='ltr'>controuersiam</span> <span class='ocrx_word' id='word_1_169' title='bbox 690 1508 750 1548; x_wconf 75' lang='lat' dir='ltr'>‘de</span> <span class='ocrx_word' id='word_1_170' title='bbox 788 1520 874 1547; x_wconf 90' lang='lat' dir='ltr'>rore</span> <span class='ocrx_word' id='word_1_171' title='bbox 906 1509 1064 1548; x_wconf 91' lang='lat' dir='ltr'>deciduo</span> <span class='ocrx_word' id='word_1_172' title='bbox 1097 1519 1134 1548; x_wconf 90' lang='lat' dir='ltr'>et</span> <span class='ocrx_word' id='word_1_173' title='bbox 1158 1512 1263 1549; x_wconf 72' lang='lat' dir='ltr'>‘non‘</span> <span class='ocrx_word' id='word_1_174' title='bbox 1286 1511 1453 1552; x_wconf 74' lang='lat' dir='ltr'>‘deciduo</span> 
     </span>
     <span class='ocr_line' id='line_1_22' title="bbox 142 1568 1452 1623; baseline 0.005 -17"><span class='ocrx_word' id='word_1_175' title='bbox 142 1568 272 1607; x_wconf 84' lang='lat' dir='ltr'>attinet</span> <span class='ocrx_word' id='word_1_176' title='bbox 292 1601 302 1619; x_wconf 86' lang='lat'>,</span> <span class='ocrx_word' id='word_1_177' title='bbox 335 1569 373 1607; x_wconf 87' lang='lat' dir='ltr'>in</span> <span class='ocrx_word' id='word_1_178' title='bbox 407 1582 538 1609; x_wconf 86' lang='lat' dir='ltr'>eorum</span> <span class='ocrx_word' id='word_1_179' title='bbox 574 1579 695 1623; x_wconf 82' lang='lat' dir='ltr'>partes</span> <span class='ocrx_word' id='word_1_180' title='bbox 728 1570 939 1611; x_wconf 81' lang='lat' dir='ltr'>abeundum</span> <span class='ocrx_word' id='word_1_181' title='bbox 975 1570 1066 1611; x_wconf 79' lang='lat' dir='ltr'>effe·</span> <span class='ocrx_word' id='word_1_182' title='bbox 1101 1570 1452 1614; x_wconf 57' lang='lat' dir='ltr'>obseruationesfde</span> 
     </span>
     <span class='ocr_line' id='line_1_23' title="bbox 142 1631 1451 1690; baseline 0.005 -21"><span class='ocrx_word' id='word_1_183' title='bbox 142 1631 404 1683; x_wconf 75' lang='lat' dir='ltr'>emporatione</span> <span class='ocrx_word' id='word_1_184' title='bbox 437 1632 615 1685; x_wconf 64' lang='lat' dir='ltr'>suadent,</span> <span class='ocrx_word' id='word_1_185' title='bbox 650 1634 710 1687; x_wconf 86' lang='lat' dir='ltr'>qui</span> <span class='ocrx_word' id='word_1_186' title='bbox 742 1645 866 1673; x_wconf 89' lang='lat' dir='ltr'>rorem</span> <span class='ocrx_word' id='word_1_187' title='bbox 900 1642 948 1673; x_wconf 80' lang='lat' dir='ltr'>ex</span> <span class='ocrx_word' id='word_1_188' title='bbox 981 1637 1217 1688; x_wconf 39' lang='lat' dir='ltr'>vaporibusw</span> <span class='ocrx_word' id='word_1_189' title='bbox 1227 1634 1451 1690; x_wconf 65' lang='grc' dir='ltr'>ιῑεειιᾶειιῖίἔ-</span> 
     </span>
     <span class='ocr_line' id='line_1_24' title="bbox 144 1692 1449 1749; baseline 0.005 -16"><span class='ocrx_word' id='word_1_190' title='bbox 144 1693 209 1733; x_wconf 89' lang='lat' dir='ltr'>bus</span> <span class='ocrx_word' id='word_1_191' title='bbox 240 1702 277 1732; x_wconf 89' lang='lat' dir='ltr'>et</span> <span class='ocrx_word' id='word_1_192' title='bbox 326 1692 631 1735; x_wconf 84' lang='lat' dir='ltr'>descendentibus</span> <span class='ocrx_word' id='word_1_193' title='bbox 673 1697 781 1736; x_wconf 81' lang='lat' dir='ltr'>simul</span> <span class='ocrx_word' id='word_1_194' title='bbox 830 1697 1026 1749; x_wconf 65' lang='lat' dir='ltr'>defluant,</span> <span class='ocrx_word' id='word_1_195' title='bbox 1060 1698 1084 1738; x_wconf 83' lang='lat' dir='ltr'>fi</span> <span class='ocrx_word' id='word_1_196' title='bbox 1132 1699 1238 1738; x_wconf 84' lang='lat' dir='ltr'>enim</span> <span class='ocrx_word' id='word_1_197' title='bbox 1290 1700 1449 1741; x_wconf 87' lang='lat' dir='ltr'>interdiu</span> 
     </span>
     <span class='ocr_line' id='line_1_25' title="bbox 143 1756 1454 1819; baseline 0.006 -25"><span class='ocrx_word' id='word_1_198' title='bbox 143 1756 342 1808; x_wconf 81' lang='lat' dir='ltr'>vaporibus</span> <span class='ocrx_word' id='word_1_199' title='bbox 374 1759 484 1796; x_wconf 82' lang='lat' dir='ltr'>valde</span> <span class='ocrx_word' id='word_1_200' title='bbox 502 1768 673 1798; x_wconf 84' lang='lat' dir='ltr'>oneratus</span> <span class='ocrx_word' id='word_1_201' title='bbox 695 1760 771 1799; x_wconf 76' lang='lat' dir='ltr'>&#39;fuit</span> <span class='ocrx_word' id='word_1_202' title='bbox 803 1761 867 1798; x_wconf 85' lang='lat' dir='ltr'>a&#39;e&#39;r</span> <span class='ocrx_word' id='word_1_203' title='bbox 887 1792 897 1810; x_wconf 84' lang='lat'>,</span> <span class='ocrx_word' id='word_1_204' title='bbox 942 1760 998 1814; x_wconf 71' lang='grc' dir='ltr'>(ξ.</span> <span class='ocrx_word' id='word_1_205' title='bbox 1018 1761 1096 1811; x_wconf 80' lang='lat'>&#39;14.</span> <span class='ocrx_word' id='word_1_206' title='bbox 1123 1774 1158 1801; x_wconf 85' lang='lat' dir='ltr'>n.</span> <span class='ocrx_word' id='word_1_207' title='bbox 1173 1766 1221 1812; x_wconf 81' lang='lat'>&#39;3.</span> <span class='ocrx_word' id='word_1_208' title='bbox 1238 1757 1278 1817; x_wconf 96' lang='lat'>)</span> <span class='ocrx_word' id='word_1_209' title='bbox 1293 1766 1454 1819; x_wconf 53' lang='lat' dir='ltr'>&lt;sapores</span> 
     </span>
     <span class='ocr_line' id='line_1_26' title="bbox 142 1819 1448 1877; baseline 0.006 -20"><span class='ocrx_word' id='word_1_210' title='bbox 142 1826 192 1858; x_wconf 75' lang='lat' dir='ltr'>ex</span> <span class='ocrx_word' id='word_1_211' title='bbox 211 1819 296 1857; x_wconf 77' lang='lat' dir='ltr'>a&#39;e&#39;re</span> <span class='ocrx_word' id='word_1_212' title='bbox 314 1823 401 1858; x_wconf 85' lang='lat' dir='ltr'>cum</span> <span class='ocrx_word' id='word_1_213' title='bbox 422 1820 624 1872; x_wconf 83' lang='lat' dir='ltr'>vaporibus</span> <span class='ocrx_word' id='word_1_214' title='bbox 657 1822 741 1873; x_wconf 84' lang='lat' dir='ltr'>post</span> <span class='ocrx_word' id='word_1_215' title='bbox 772 1822 942 1862; x_wconf 86' lang='lat' dir='ltr'>occasum</span> <span class='ocrx_word' id='word_1_216' title='bbox 966 1824 1066 1864; x_wconf 77' lang='lat' dir='ltr'>solis</span> <span class='ocrx_word' id='word_1_217' title='bbox 1082 1825 1213 1877; x_wconf 69' lang='lat' dir='ltr'>largius</span> <span class='ocrx_word' id='word_1_218' title='bbox 1229 1828 1290 1864; x_wconf 65' lang='lat' dir='ltr'>ei</span> <span class='ocrx_word' id='word_1_219' title='bbox 1297 1824 1448 1877; x_wconf 80' lang='lat' dir='ltr'>superfi-</span> 
     </span>
     <span class='ocr_line' id='line_1_27' title="bbox 142 1881 1450 1964; baseline 0.005 -42"><span class='ocrx_word' id='word_1_220' title='bbox 142 1884 199 1922; x_wconf 86' lang='lat' dir='ltr'>cie</span> <span class='ocrx_word' id='word_1_221' title='bbox 229 1881 366 1919; x_wconf 84' lang='lat' dir='ltr'>telluris</span> <span class='ocrx_word' id='word_1_222' title='bbox 400 1883 659 1922; x_wconf 75' lang='lat' dir='ltr'>accedentibus</span> <span class='ocrx_word' id='word_1_223' title='bbox 689 1882 894 1924; x_wconf 83' lang='lat' dir='ltr'>coalescere</span> <span class='ocrx_word' id='word_1_224' title='bbox 929 1895 975 1925; x_wconf 88' lang='lat' dir='ltr'>et</span> <span class='ocrx_word' id='word_1_225' title='bbox 1006 1889 1057 1927; x_wconf 90' lang='lat' dir='ltr'>ob</span> <span class='ocrx_word' id='word_1_226' title='bbox 1098 1887 1247 1940; x_wconf 90' lang='lat' dir='ltr'>pondus</span> <span class='ocrx_word' id='word_1_227' title='bbox 1294 1887 1450 1964; x_wconf 45' lang='lat' dir='ltr'>audiun&amp;</span> 
     </span>
     <span class='ocr_line' id='line_1_28' title="bbox 144 1943 1374 1988; baseline 0.004 -4"><span class='ocrx_word' id='word_1_228' title='bbox 144 1943 257 1984; x_wconf 69' lang='lat' dir='ltr'>rursus</span> <span class='ocrx_word' id='word_1_229' title='bbox 285 1943 500 1984; x_wconf 71' lang='lat' dir='ltr'>descendere</span> <span class='ocrx_word' id='word_1_230' title='bbox 529 1957 605 1984; x_wconf 90' lang='lat' dir='ltr'>non</span> <span class='ocrx_word' id='word_1_231' title='bbox 641 1945 693 1985; x_wconf 89' lang='lat' dir='ltr'>est</span> <span class='ocrx_word' id='word_1_232' title='bbox 726 1947 1010 1988; x_wconf 75' lang='lat' dir='ltr'>dubitandum·</span> <span class='ocrx_word' id='word_1_233' title='bbox 1327 1974 1332 1977; x_wconf 59' lang='lat'>&lt;</span> <span class='ocrx_word' id='word_1_234' title='bbox 1372 1973 1374 1975; x_wconf 89' lang='lat'>·</span> 
     </span>
    </p>

    <p class='ocr_par' dir='ltr' id='par_1_3' title="bbox 144 2005 1494 2197">
     <span class='ocr_line' id='line_1_29' title="bbox 264 2005 1494 2069; baseline 0.011 -25"><span class='ocrx_word' id='word_1_235' title='bbox 264 2005 308 2061; x_wconf 82' lang='lat'>2)</span> <span class='ocrx_word' id='word_1_236' title='bbox 342 2007 490 2057; x_wconf 86' lang='lat' dir='ltr'>Mane,</span> <span class='ocrx_word' id='word_1_237' title='bbox 525 2010 672 2060; x_wconf 83' lang='lat' dir='ltr'>quando</span> <span class='ocrx_word' id='word_1_238' title='bbox 703 2008 755 2048; x_wconf 90' lang='lat' dir='ltr'>sol</span> <span class='ocrx_word' id='word_1_239' title='bbox 790 2010 921 2063; x_wconf 74' lang='lat' dir='ltr'>incipit</span> <span class='ocrx_word' id='word_1_240' title='bbox 968 2011 1187 2053; x_wconf 71' lang='lat' dir='ltr'>calefacere</span> <span class='ocrx_word' id='word_1_241' title='bbox 1208 2007 1451 2069; x_wconf 68' lang='lat' dir='ltr'>atmosphae-</span> <span class='ocrx_word' id='word_1_242' title='bbox 1492 2025 1494 2029; x_wconf 84' lang='lat'>&#39;</span> 
     </span>
     <span class='ocr_line' id='line_1_30' title="bbox 145 2070 1493 2134; baseline 0.01 -27"><span class='ocrx_word' id='word_1_243' title='bbox 145 2082 224 2109; x_wconf 82' lang='lat' dir='ltr'>ram</span> <span class='ocrx_word' id='word_1_244' title='bbox 248 2082 444 2122; x_wconf 82' lang='lat' dir='ltr'>,vapores</span> <span class='ocrx_word' id='word_1_245' title='bbox 474 2070 667 2122; x_wconf 68' lang='lat' dir='ltr'>calefacti</span> <span class='ocrx_word' id='word_1_246' title='bbox 700 2071 817 2112; x_wconf 87' lang='lat' dir='ltr'>versus</span> <span class='ocrx_word' id='word_1_247' title='bbox 847 2074 1053 2125; x_wconf 79' lang='lat' dir='ltr'>tellurem,‘</span> <span class='ocrx_word' id='word_1_248' title='bbox 1079 2088 1169 2127; x_wconf 77' lang='lat' dir='ltr'>quae</span> <span class='ocrx_word' id='word_1_249' title='bbox 1208 2079 1331 2119; x_wconf 59' lang='lat' dir='ltr'>noste</span> <span class='ocrx_word' id='word_1_250' title='bbox 1361 2078 1451 2134; x_wconf 64' lang='lat' dir='ltr'>par-&#39;3</span> <span class='ocrx_word' id='word_1_251' title='bbox 1482 2082 1493 2109; x_wconf 85' lang='lat'>&#39;-</span> 
     </span>
     <span class='ocr_line' id='line_1_31' title="bbox 144 2127 1448 2212; baseline 0.008 -40"><span class='ocrx_word' id='word_1_252' title='bbox 144 2142 223 2173; x_wconf 83' lang='lat' dir='ltr'>tem</span> <span class='ocrx_word' id='word_1_253' title='bbox 257 2133 404 2174; x_wconf 84' lang='lat' dir='ltr'>caloris</span> <span class='ocrx_word' id='word_1_254' title='bbox 423 2134 575 2188; x_wconf 73' lang='lat' dir='ltr'>amisit,</span> <span class='ocrx_word' id='word_1_255' title='bbox 624 2133 850 2189; x_wconf 78' lang='lat' dir='ltr'>frigidiorem</span> <span class='ocrx_word' id='word_1_256' title='bbox 885 2146 933 2177; x_wconf 84' lang='lat' dir='ltr'>ex</span> <span class='ocrx_word' id='word_1_257' title='bbox 964 2127 1216 2194; x_wconf 71' lang='lat' dir='ltr'>atmosphaera</span> <span class='ocrx_word' id='word_1_258' title='bbox 1264 2145 1448 2212; x_wconf 45' lang='lat' dir='ltr'>praecipis</span> 
     </span>
    </p>
   </div>
   <div class='ocr_carea' id='block_1_3' title="bbox 1376 2217 1443 2245">
    <p class='ocr_par' dir='ltr' id='par_1_4' title="bbox 1376 2217 1443 2245">
     <span class='ocr_line' id='line_1_32' title="bbox 1376 2217 1443 2245; baseline -0.03 0"><span class='ocrx_word' id='word_1_259' title='bbox 1376 2217 1443 2245; x_wconf 68' lang='lat' dir='ltr'>tan</span> 
     </span>
    </p>
   </div>
  </div>
 </body>
</html>
