1971 2700
399 134 656 182 ECLIPSES
685 133 762 182 LV
759 136 814 181 M
816 133 1091 184 INARIVM.
1364 138 1421 194 '45
1433 155 1457 197 5

144 263 263 293 cornu
303 248 330 292 S
362 263 383 290 a
413 249 549 303 capillo
580 261 644 305 qr
694 250 740 291 ad
771 250 945 305 capillum
979 261 1040 307 op
1061 284 1071 304 ,
1124 252 1230 292 iuxta
1281 252 1456 298 diurnum

143 315 276 356 Lunae
309 314 403 365 Sd,
436 313 496 353 seu
528 314 625 354 linea
658 313 688 354 d
691 313 729 369 s
739 346 750 366 ,
783 316 819 355 se
852 313 968 355 habet
999 316 1046 356 ad
1079 315 1224 355 lineam
1257 316 1322 356 dn
1342 350 1352 369 ,
1385 332 1456 372 per

142 380 440 420 obseruationem
475 375 565 415 2‘1‘0'*
598 376 697 425 §‘8²²¹'
739 378 1040 433 inueniendam3
1076 379 1127 419 ita
1160 389 1308 434 tempus
1325 394 1345 421 a
1363 393 1453 422 con-

141 443 243 483 tac'tu
283 453 399 482 cornu
441 437 467 480 S
511 452 600 482 cum
639 440 781 495 capillo
811 454 836 496 q
855 454 905 494 r,
938 443 984 483 ad
1017 444 1211 483 occursum
1251 455 1372 485 cornu
1399 445 1456 486 al-

141 507 253 547 terius
284 505 304 546 l
337 505 378 546 in
424 505 560 545 diurno
593 503 726 545 Lunae
749 518 783 558 g
808 505 828 546 I
862 506 956 559 lati,
989 507 1131 560 capillo
1164 507 1231 547 fibi
1267 508 1455 561 proximo

92 578 95 580 '
140 583 168 612 x
161 584 196 623 y
204 578 350 623 praeter
366 568 533 622 lapsum,
551 567 901 623 seulineaverb.gr.
925 568 1269 624 Ig,addistantiam
1289 572 1455 613 breuiffi-

140 646 248 675 mam
278 645 395 673 cornu
436 632 456 673 I
488 645 510 672 a
542 632 684 686 capillo
714 645 810 685 xit,
863 633 921 672 seu
962 635 1104 674 lineam
1142 635 1214 675 Im
1233 668 1244 688 ‚
1275 646 1455 688 tempore

139 697 338 738 contaetus
368 708 484 736 cornu
517 694 543 736 S
578 708 668 736 cum
701 697 843 749 capillo
875 707 938 751 qr
970 698 1243 740 obtinentem:
1276 712 1369 752 quae
1403 699 1451 740 ad

137 759 356 801 distantiam
406 760 548 800 restam
596 759 822 813 capillorum
872 771 938 814 qr
970 769 1012 799 et
1062 773 1129 812 xy
1163 774 1230 814 per
1279 762 1455 802 obierua-

137 823 287 865 tionem
324 821 410 862 2dam
447 820 547 873 §gvi
606 824 879 863 inueniendam
930 823 1057 863 addita
1075 858 1085 876 ‚
1137 824 1164 864 fi
1196 837 1314 864 cornu
1347 822 1373 865 S
1405 825 1454 866 ad

136 888 320 941 capillum
353 898 418 941 qr
449 889 551 941 prius
570 921 580 940 ‚
611 899 729 940 quam
763 899 882 927 cornu
916 887 936 928 I
970 887 1173 940 appullerit
1192 920 1203 940 ,
1239 888 1304 928 vel
1323 888 1369 928 ab
1387 900 1457 929 eo-

136 950 229 991 dem
261 950 441 992 subtracta
459 983 471 1003 ‚
503 952 531 992 fi
562 951 667 991 idem
700 950 774 992 hoc
808 951 917 991 serius
948 950 1076 991 fecerit
1095 984 1105 1003 ,
1140 951 1278 1004 prodet
1309 952 1457 992 diame-

135 1022 237 1055 trum
267 1015 397 1056 Lunae
430 1013 722 1056 osculationibus
755 1014 951 1067 horologii
982 1016 1028 1055 ad
1063 1024 1220 1055 motum
1253 1013 1376 1055 stellae
1395 1028 1452 1056 re-

133 1076 217 1117 latis
248 1079 462 1132 expressam
498 1088 537 1118 et
568 1078 808 1132 quaesitam3
838 1091 934 1132 quae
965 1087 1099 1118 tamen
1131 1078 1171 1118 in
1202 1088 1330 1132 partes
1349 1088 1456 1118 tem-

135 1142 242 1194 poris
273 1143 321 1182 ad
353 1151 510 1181 motum
543 1140 675 1180 Lunae
708 1143 843 1181 relatas
874 1141 1001 1181 reduci
1031 1142 1144 1180 debet
1163 1173 1174 1192 ‚
1213 1142 1456 1194 quotiescun-

133 1217 209 1258 que
240 1204 380 1258 pofitio
414 1203 546 1255 puniti
579 1203 729 1242 alicuius
759 1204 798 1242 in
829 1203 929 1244 disco
961 1203 1095 1244 Lunae
1127 1205 1338 1257 quaerenda
1382 1216 1455 1244 ve-

132 1268 224 1307 niet.
292 1265 505 1307 Coeterum
524 1299 535 1319 ‚
569 1267 755 1320 quoniam
806 1267 846 1306 in
879 1266 936 1306 his
966 1266 1106 1307 casibus
1139 1267 1204 1307 vbi
1244 1268 1308 1309 sc:
1342 1265 1451 1308 Luna

132 1342 204 1384 pcr
236 1331 378 1371 stellam
414 1330 540 1370 transit
560 1362 570 1381 ,
603 1331 758 1370 diurnus
787 1341 939 1383 quoque
973 1330 1096 1370 stellae
1115 1342 1186 1382 per
1203 1328 1355 1370 Lunam
1383 1343 1453 1371 ne-

133 1392 289 1434 cessario
324 1394 475 1434 transire
507 1394 621 1434 debet
643 1425 654 1444 ‚
688 1393 790 1433 vnde
820 1393 1032 1434 differentia
1070 1393 1374 1434 declinationum
1408 1403 1450 1435 et

133 1456 388 1497 ascensionum
421 1457 613 1498 rectarum
647 1455 780 1496 Lunae
811 1467 851 1497 et
885 1456 1012 1497 stellae
1042 1469 1096 1497 ex
1130 1456 1451 1498 obseruationibus

131 1521 227 1569 §8V0
258 1521 449 1574 descriptis
499 1520 615 1573 paulo
646 1520 754 1559 aliter
803 1520 1041 1577 deducendae
1089 1521 1276 1573 venient,
1328 1533 1447 1573 quam

129 1585 235 1625 idem
270 1586 360 1634 §900
392 1582 535 1624 fastum
569 1583 634 1623 est.
701 1582 826 1623 Lubet
858 1584 986 1637 itaque
1019 1582 1082 1623 hic
1116 1584 1282 1623 modum
1312 1584 1450 1624 descri-

130 1649 218 1688 bere
238 1681 249 1699 ,
281 1661 356 1702 quo
386 1648 424 1687 in
455 1647 514 1687 liis
545 1646 684 1686 casibus
717 1647 853 1700 positio
887 1647 950 1687 illa
985 1647 1105 1687 centri
1125 1646 1259 1687 Lunae
1277 1648 1324 1687 ad
1344 1648 1449 1687 diur-

130 1723 226 1751 num
262 1712 389 1751 stellae
412 1743 423 1762 ,
465 1710 525 1750 seu
563 1709 800 1750 differentiae
851 1711 1155 1751 declinationum
1191 1721 1230 1749 et
1264 1710 1445 1751 ascensio-

130 1787 222 1814 num
256 1774 437 1814 rec'tarum
468 1772 598 1812 Lunae
631 1781 669 1811 et
705 1773 829 1812 stellae
864 1774 1107 1813 determinari
1139 1774 1281 1813 debent
1300 1806 1310 1825 ,
1339 1784 1446 1814 ante-

130 1850 245 1891 quam
278 1838 324 1877 ad
359 1836 658 1876 obseruationem
692 1835 885 1888 eclipsium
919 1836 1124 1876 Lunariiim
1164 1838 1446 1887 exponendam

131 1902 324 1942 accedam.
390 1899 594 1940 Nimirum
628 1898 670 1937 sit
704 1899 742 1937 in
778 1900 861 1953 Fig.
887 1912 953 1938 10.
990 1899 1127 1953 positio
1160 1898 1290 1940 Lunae
1325 1900 1445 1941 oML

130 1974 169 2005 et
202 1965 322 2004 diurni
354 1963 480 2004 stellae
513 1960 575 2003 Se
608 1962 656 2002 ad
688 1964 844 2015 capillos
876 1963 955 2003 tubi
987 1975 1032 2002 ea
1052 1994 1062 2011 ‚
1097 1976 1191 2016 quae
1224 1972 1312 2003 ante
1354 1976 1442 2017 pro-

129 2028 294 2082 positam
336 2027 632 2069 occultationem
667 2026 791 2067 stellae
825 2040 846 2067 a
880 2028 988 2068 Luna
1034 2036 1214 2079 tempore
1247 2027 1444 2067 cont-astus

128 2091 242 2135 limbi
258 2091 390 2134 Lunae
422 2091 493 2145 M,
532 2090 709 2146 margine
740 2091 805 2134 suo
835 2104 855 2135 o
872 2125 885 2147 ,
917 2092 958 2133 iii
975 2090 1115 2147 capillo
1144 2087 1184 2135 G
1204 2086 1238 2130 C
1263 2089 1510 2134 incedcn-Fis·
1532 2098 1585 2123 10-

1366 2163 1413 2193 tis
1429 2183 1442 2207 ,
