1971 2700
503 253 530 291 3
541 242 600 283 26
853 238 934 282 DE
965 235 1177 281 BESTIIS
1209 230 1467 281 MARINIS.

501 364 634 397 nerato
666 350 806 407 sanguis
838 353 992 394 {alientis
1023 352 1133 393 fontis
1166 352 1276 393 instar
1312 352 1349 392 in
1382 350 1499 392 altum
1551 347 1814 407 spargebatur-,¹

503 432 618 472 quam
649 419 712 458 diu
743 428 854 471 caput
886 416 948 456 sub
976 416 1076 469 aquis
1104 416 1304 457 occultaret
1337 414 1477 467 {anguis
1508 426 1585 454 non
1617 412 1815 469 effluebat,
1859 440 1871 453 .

504 495 616 535 quam
648 483 817 533 primum
849 492 943 519 vero
976 479 1075 519 elato
1107 480 1230 532 capite
1271 479 1455 532 spirabat,
1506 478 1643 530 sanguis
1695 477 1818 519 denuo

504 544 718 598 prosilibat‚
754 542 806 582 ob
840 542 877 582 id
911 542 1011 596 quod
1044 542 1212 596 primum
1246 544 1446 595 pulmones
1487 543 1524 581 in
1560 539 1672 581 dorso
1694 541 1818 581 iacen-

504 617 561 646 tes
594 607 875 650 vulnemrentur
894 639 906 658 ,
939 606 1002 660 qui
1036 606 1179 659 quoties
1210 608 1297 646 a'e‘re
1329 606 1454 647 denuo
1474 605 1738 658 implerentur,
1756 616 1820 645 ro·

503 670 571 710 bur
601 670 783 724 fiinguinis
813 669 1032 724 prosilientis
1063 679 1263 723 augerent,
1295 682 1317 710 e
1337 681 1412 724 quo
1443 669 1719 723 phoenomeno
1750 669 1821 709 vix

504 745 583 774 non
618 734 887 775 concludebam
921 733 1100 774 circulum
1136 732 1316 788 {anguinis
1344 735 1382 774 in
1417 733 1491 774 hoc
1523 732 1675 773 animali
1707 741 1749 771 vt
1781 732 1821 772 in

504 797 630 850 phoca
664 798 802 851 duplici
836 797 980 838 ratione
1024 797 1192 848 absolui,
1228 798 1266 837 in
1300 797 1416 838 libero
1452 801 1538 837 ae're
1570 808 1638 852 per
1669 795 1819 850 pulmo-

505 873 571 900 nes
590 895 600 913 ‚
633 860 698 901 sub
716 863 818 915 aquis
837 873 930 901 vero
965 873 1032 914 per
1067 860 1233 900 foramen
1267 861 1376 900 ouale
1409 871 1447 901 et
1479 860 1634 901 ductum
1668 860 1823 900 arterio-

503 924 583 964 sum
606 957 616 976 ,
651 925 739 964 licet
771 925 888 964 ambo
921 936 1000 964 non
1035 924 1271 964 inuenerim:
1302 925 1404 977 quod
1438 936 1528 965 vero
1567 923 1675 964 simul
1708 922 1823 977 respi-

504 998 590 1028 rent
623 987 731 1027 aliter
762 1000 806 1028 ac
841 984 955 1040 pisces
985 996 1142 1040 propter
1191 986 1481 1040 deglutitionem
1530 988 1706 1028 ciborum
1740 987 1823 1027 ibli-

505 1051 641 1091 dorum
678 1052 804 1104 potius
835 1063 945 1104 quam
978 1059 1138 1104 propter
1181 1050 1464 1092 circulationem
1515 1051 1822 1105 promouendam

504 1115 723 1166 contingere
756 1115 927 1154 arbitror.

625 1176 782 1217 Facilius
813 1186 938 1217 autem
972 1178 1169 1230 capiuntur
1201 1180 1321 1219 adulta
1355 1189 1393 1218 ct
1424 1181 1663 1233 praegrandia
1681 1180 1825 1221 anima-

505 1240 555 1282 lia
576 1273 587 1291 ,
621 1252 734 1294 quam
765 1241 903 1291 vituli,
935 1251 1134 1294 propterea
1163 1242 1263 1294 quod
1299 1242 1404 1280 vituli
1425 1242 1535 1293 longe
1562 1243 1823 1295 impetuofiori

504 1313 618 1344 motu
636 1313 860 1354 mouentur,
893 1313 932 1343 et
964 1304 1054 1343 licet
1088 1316 1205 1344 vncus
1222 1305 1368 1357 integer
1387 1314 1662 1355 maneat,cute
1695 1315 1822 1346 tamen

505 1377 616 1421 rupta
648 1366 766 1406 libere
800 1365 986 1417 euadant‚
1016 1367 1118 1419 quod
1151 1379 1227 1406 non
1259 1367 1373 1406 (emcl
1413 1377 1657 1408 attentatum.

622 1429 767 1486 Quodsi
801 1441 895 1470 vero
926 1429 1066 1469 animal
1097 1430 1288 1482 quoddam
1324 1441 1424 1469 vnco
1471 1439 1625 1482 captum
1678 1434 1823 1473 moueri

507 1493 748 1548 impetuosius
768 1494 920 1547 incipit,
940 1493 1062 1533 vicina
1083 1493 1200 1533 fiiltim
1238 1495 1275 1533 in
1295 1505 1408 1547 grege
1439 1502 1478 1533 et
1511 1495 1715 1548 propinqui
1735 1508 1824 1536 mo-

506 1567 671 1607 ventur,
704 1568 740 1597 et
771 1558 818 1597 ad
850 1557 1031 1598 auxilium
1064 1556 1259 1597 ferendum
1293 1558 1444 1610 captiuo
1482 1557 1691 1597 incitantur.
1739 1559 1824 1614 Qua

505 1631 666 1675 propter
698 1621 765 1661 alia
797 1621 908 1662 dorso
939 1621 1104 1672 cymbae
1133 1621 1364 1661 euersiouem
1384 1620 1610 1673 moliuntur,
1645 1621 1712 1662 alia
1746 1621 1823 1664 funi

508 1685 729 1724 incumbunt
739 1685 975 1738 eundemque
985 1697 1162 1737 rumpere
1179 1683 1340 1738 filtaguut
1351 1717 1361 1735 ,
1378 1694 1438 1724 ant
1457 1685 1667 1725 vibratione
1686 1686 1824 1726 caudae

506 1760 644 1788 vncum
680 1760 701 1787 c
721 1749 898 1788 vulnerati
933 1748 1040 1787 dorii)
1074 1760 1256 1788 emouere
1289 1749 1520 1800 allaborant,
1551 1749 1649 1801 quod
1681 1749 1824 1802 aliquot

506 1812 653 1852 vicibus
687 1825 764 1851 uon
798 1811 992 1852 infeliciter
1026 1821 1224 1852 tentamut.
1291 1810 1586 1852 Curiosulimum
1621 1813 1759 1866 ingenii
1785 1822 1824 1853 et

507 1877 648 1915 amoris
697 1876 903 1928 coniugalis
951 1886 1215 1929 argumentum
1267 1875 1347 1926 cst,
1383 1886 1424 1915 vt
1455 1874 1823 1928 masculuseaptam

509 1950 548 1977 et
584 1951 686 1978 xuco
721 1939 875 1979 tractam
931 1939 1145 1979 socmcllam
1166 1972 1176 1990 ,
1210 1939 1402 1992 postquam
1438 1938 1697 1978 liberationem
1747 1941 1825 1979 eius

509 2002 685 2040 omuibus
722 2002 861 2041 viribus
892 2002 949 2042 scd
984 2002 1109 2042 frustra
1145 2002 1307 2041 tentasset
1329 2034 1338 2050 ‚
1374 2001 1571 2051 multisque
1611 2002 1824 2043 verberibus

511 2074 714 2115 propterea
747 2077 766 2102 a
800 2065 908 2104 nobis
940 2064 1095 2104 affectus
1128 2063 1276 2113 liiiss'et,
1311 2063 1412 2102 nihili
1446 2073 1572 2102 tamen
1623 2066 1745 2105 minus
1776 2066 1821 2106 ad

511 2127 597 2167 litus
633 2138 743 2178 nsque
780 2127 1055 2178 prole-queretur
1087 2135 1123 2164 et
1155 2128 1294 2179 aliquot
1328 2125 1467 2165 vicibus
1500 2125 1684 2179 insperato
1720 2128 1823 2169 velu-

512 2190 543 2230 ti
579 2188 704 2243 sagitta
752 2189 884 2230 eniiffa
915 2189 961 2230 ad
998 2189 1099 2230 illam
1151 2189 1228 2231 iam
1279 2188 1490 2230 ‹ie-stinctum
1540 2199 1821 2246 approperaret.

1684 2255 1819 2296 Altero
