1971 2700
517 221 609 263 330
866 203 952 248 DE
982 199 1196 248 *nmis
1229 196 1500 244 MAmms.

633 319 780 366 Manati
815 319 992 374 peculiari
1025 317 1167 361 infesto
1200 316 1318 358 veluti
1339 313 1514 371 pediculo
1539 310 1719 356 infestatur
1737 348 1749 369 ,
1765 316 1842 359 hoc

513 390 741 446 plerumque
776 384 930 425 brachia
960 382 1091 436 rugosa
1109 416 1120 434 ,
1161 393 1353 423 mammas
1371 413 1382 433 ‚
1437 377 1614 434 papillam
1636 409 1647 429 ,
1704 380 1844 433 puden-

516 456 609 497 dum
631 486 643 504 ,
704 461 824 491 anum
894 457 932 487 et
999 446 1167 500 icruposa
1225 444 1420 486 acetabula
1489 441 1670 482 cuticulae
1735 454 1846 487 occu-

517 530 611 573 pare
644 524 682 555 et
740 511 953 553 inhabitare
1005 509 1097 550 solet
1147 521 1290 564 magno
1340 520 1501 551 numero
1521 539 1531 557 ‚
1583 518 1626 546 ac
1661 506 1755 546 dum
1785 518 1848 549 eu-

517 580 675 622 ticularn
695 587 734 617 et
760 585 888 616 cutem
923 572 1138 629 perforant,
1172 573 1220 614 ab
1252 572 1488 614 extrauaiato
1519 569 1667 623 liquore
1697 569 1851 622 lymha-

517 645 597 686 tico
642 652 822 683 verrucae
854 639 946 680 hinc
976 638 1066 679 inde
1096 636 1319 691 conspicuae
1352 636 1518 678 oriuntur
1535 666 1545 685 ,
1580 635 1629 674 ita
1668 644 1710 674 et
1760 632 1853 676 inie-

516 708 578 750 <sta
611 707 704 748 haec
756 703 876 745 Latos
926 703 1117 753 inuitant,
1151 711 1196 742 vt
1230 702 1342 755 tergis
1375 700 1514 742 horum
1547 696 1774 739 animalium
1812 698 1855 738 in

519 772 715 816 haerentia
747 767 873 809 rostris
903 766 973 808 suis
1006 766 1122 807 acutis
1155 774 1299 819 gratam
1333 764 1427 806 hauc
1463 774 1648 804 venentur
1697 761 1820 802 escam
1841 794 1854 814 ‚

518 835 742 879 animalibus
770 842 903 874 autem
921 831 968 874 ab
990 830 1032 873 iis
1064 829 1208 872 vexatis
1239 830 1407 871 amicum
1439 838 1476 870 et
1503 836 1656 882 gratum
1674 825 1856 869 officium

523 899 728 957 praestent.

642 1027 784 1072 Inscita
819 1026 913 1069 haec
946 1026 1151 1068 dimidiam
1186 1026 1407 1081 plerumque
1441 1025 1596 1067 vnciam
1629 1024 1742 1078 longa
1762 1034 1858 1076 ‚an-

528 1094 693 1146 nullosa,
725 1093 953 1145 hexapoda‚
987 1091 1142 1129 candida
1161 1102 1224 1129 aut
1252 1090 1432 1141 subflaua,
1465 1089 1654 1142 diaphaua
1671 1089 1763 1128 suut.
1784 1083 1862 1127 Ca·

530 1167 599 1210 put
631 1157 878 1206 oblongum,
913 1164 1063 1192 acutum
1085 1183 1095 1201 ‚
1133 1153 1227 1192 milii
1261 1153 1403 1193 semine
1436 1154 1568 1194 maius.
1603 1152 1639 1194 E
1657 1153 1777 1193 fronte
1795 1162 1863 1191 an-

525 1219 700 1260 tennulae
751 1215 983 1271 geniculatae
1025 1215 1120 1254 duae
1151 1215 1285 1255 breues
1320 1221 1333 1262 ξ
1368 1215 1506 1255 lineam
1542 1216 1679 1268 longae
1719 1225 1861 1267 expor-

527 1284 711 1336 riguntur.
780 1279 893 1319 Loco
927 1278 1163 1318 mandibulae
1204 1277 1386 1318 inferioris
1416 1277 1495 1318 duo
1527 1279 1650 1318 tenuia
1672 1311 1682 1329 ,
1719 1277 1773 1318 bis
1807 1289 1866 1319 ar-

530 1346 678 1386 ticulata
729 1341 920 1383 brachiola
972 1340 1121 1394 squillae
1155 1341 1267 1380 instar
1299 1341 1444 1391 habet,
1485 1343 1730 1382 extremitate
1778 1355 1867 1383 acu-

530 1409 668 1450 tiffima
703 1418 742 1448 et
775 1405 933 1446 clauata.
1002 1404 1208 1456 Reliquum
1243 1417 1316 1457 pro
1349 1415 1514 1443 numero
1548 1406 1693 1455 pedum
1713 1433 1724 1452 ,
1775 1404 1868 1445 senis

531 1473 717 1515 conflatur
750 1469 920 1518 annulis,
954 1468 994 1507 in
1030 1466 1141 1508 dorio
1182 1466 1564 1518 coniiexis,;lineae
1599 1467 1706 1518 latis,
1738 1466 1868 1508 thora-

532 1539 587 1579 cis
619 1547 747 1578 autem
782 1533 935 1574 annulus
968 1531 1088 1585 duplo
1122 1531 1230 1572 hitior
1249 1563 1260 1582 ,
1295 1531 1425 1585 reliqui
1459 1531 1619 1572 caudam
1640 1531 1764 1572 versus
1787 1531 1870 1572 sen-
1938 1530 1942 1536 '

531 1602 604 1644 sim
639 1599 884 1653 angustiores.
954 1595 1146 1636 Thoracis
1179 1595 1333 1636 annulus
1364 1595 1565 1636 dimidiam
1610 1597 1755 1636 lentem
1807 1607 1870 1637 re-

533 1667 638 1708 fert:
672 1665 757 1705 huic
793 1662 839 1702 ad
875 1660 986 1702 latera
1022 1673 1090 1713 par
1122 1658 1312 1700 chelarum
1346 1659 1546 1700 craffiirum
1593 1660 1684 1701 binis
1735 1661 1870 1701 articu-

532 1729 731 1772 lationibus
763 1726 984 1766 adnascitur.
1054 1721 1176 1763 Cliela
1209 1723 1358 1777 quaeuis
1390 1724 1525 1765 aculeo
1568 1724 1687 1765 flexili
1731 1724 1871 1778 praefi--

533 1796 656 1844 nitur,
689 1791 818 1846 quibus
853 1787 1071 1830 firmissime
1105 1787 1253 1828 manati
1284 1788 1464 1829 cuticulae
1506 1787 1633 1828 infixis
1658 1788 1869 1838 adhaeret,

538 1859 667 1911 reliqui
704 1856 818 1910 pedes
851 1853 1070 1907 graciliores
1090 1884 1100 1903 ,
1135 1864 1275 1892 omnes
1307 1852 1440 1892 aculeis
1491 1851 1673 1906 praefiniti
1722 1863 1761 1892 et
1793 1852 1871 1894 sen·

539 1923 610 1964 sim
647 1920 850 1960 breuiores.
934 1916 1104 1957 Vltimae
1137 1917 1232 1957 duae
1283 1915 1541 1966 breuissimae,
1573 1927 1596 1954 e
1628 1916 1768 1956 caudae
1803 1929 1870 1958 an-

539 1986 631 2025 nulo
683 1982 877 2024 orbiculari
928 1981 1088 2034 egrcilz‘ie
1140 1979 1261 2034 ipsum
1296 1980 1560 2034 corpusculum
1614 1979 1835 2034 praefiniunt
1856 2011 1867 2032 ,

542 2060 585 2088 ac
613 2046 707 2088 dum
740 2044 926 2088 iniectum
957 2045 1151 2099 graditur,
1184 2043 1361 2095 dirigunt.

1771 2237 1871 2281 DE-
