1971 2700
1028 0 1091 129 <s

507 199 602 239 ιω
793 180 1147 257 osssfflzmo
1180 183 1552 235 mammea

508 306 566 349 bis
595 304 801 360 descriptus
816 315 855 346 et
888 305 1003 360 plane
1036 304 1227 346 distinctus
1258 303 1436 346 musculus
1485 303 1629 348 nullum
1667 311 1831 354 ‘omnino

499 371 787 411 eommeoeium
822 369 998 411 habebat.
1068 368 1168 410 Vera
1198 380 1291 424 ergo
1329 369 1469 424 scripsit
1517 370 1670 424 quidem
1721 374 1829 418 Veia.

509 433 599 485 liuS,
630 433 836 476 musculum
867 434 1065 474 thoracem
1099 435 1339 476 mouentium
1371 435 1546 488 quintum
1588 432 1726 477 Galeni
1758 439 1830 481 effe

509 497 625 540 Rceti
655 498 978 538 continuationem
1000 511 1068 552 per
1101 497 1250 552 peetus,
1284 499 1324 539 in
1357 499 1533 551 canibus,
1567 499 1702 553 fimiis,
1736 500 1831 543 aliis-

505 573 577 615 que
611 561 836 602 animalibus
855 594 866 614 ,
899 562 1057 616 quibus,
1089 574 1203 617 quam
1238 562 1277 603 in
1308 562 1470 604 homine
1492 596 1503 616 ,
1534 564 1656 617 magis
1695 575 1834 618 proce·

504 637 594 666 rum
631 624 764 680 pectus
794 626 903 667 datur
923 659 934 678 ‚
968 625 1115 680 semper
1146 627 1429 668 inueniendum.
1512 627 1567 669 Et
1609 626 1727 669 fidem
1759 628 1833 670 da·

507 701 592 730 mus
625 690 780 730 candide
813 691 972 743 fatenti,
1004 690 1070 732 fibi
1105 690 1200 732 nihil
1218 691 1338 733 simile
1355 692 1394 732 in
1412 691 1568 732 homine
1595 691 1830 746 apparuiflb,

507 755 592 807 quia
621 753 719 795 casus
736 754 855 795 rarior
874 770 882 793 ε
913 755 953 794 in
973 767 1049 808 quo
1068 764 1198 796 tamen
1218 755 1372 797 testatur
1389 756 1569 798 Riolanus
1588 754 1655 811 (a)
1692 755 1832 810 fixepius

506 817 572 858 sibi
592 817 711 858 viiam
729 817 884 859 musculi
911 818 1027 861 Recu
1044 820 1338 874 productionem
1359 819 1666 861 membranofiim
1685 820 1732 860 ad
1749 819 1831 874 pri-

501 893 612 922 mam
649 881 812 922 :homcis
845 883 986 924 costam
1006 916 1017 935 ,
1051 884 1149 924 circa
1167 885 1317 938 primae
1341 893 1378 924 ct
1405 884 1584 925 secundae
1619 883 1745 925 costae
1768 883 1829 925 in-

501 944 724 998 teruallum,
752 958 903 986 carnem
938 946 1130 1000 adquirere
1147 979 1159 998 ,
1192 960 1308 1001 quam
1345 960 1416 1003 pro
1451 948 1623 1003 singulari
1658 946 1830 989 musculo

500 1006 671 1051 Galenus
707 1008 867 1050 habuit:
901 1018 941 1050 et
973 1010 1073 1052 mihi
1100 1008 1283 1066 (praeter
1319 1023 1385 1063 ω,
1421 1024 1516 1066 quae
1543 1014 1582 1053 in
1620 1011 1832 1054 Albinianis

499 1072 881 1114 demonstrationibus
896 1074 976 1115 vidi
1005 1074 1062 1115 bis
1090 1105 1102 1125 ,
1152 1083 1191 1115 et
1223 1074 1298 1116 scio
1317 1108 1328 1127 ,
1361 1087 1439 1115 non
1468 1076 1576 1126 vidi,
1628 1076 1757 1130 postea
1791 1076 1830 1116 in

490 1136 650 1176 theatro
682 1137 922 1177 Auatomico
938 1137 1057 1177 adhuc
1076 1137 1192 1178 semel
1210 1138 1359 1192 publice
1384 1139 1699 1180 demonstratum.
1721 1142 1736 1188 )
1771 1140 1832 1179 in-

497 1209 557 1241 ter
589 1209 744 1240 centena
779 1209 819 1238 et
839 1200 943 1253 plura
963 1201 1117 1254 propria
1135 1212 1251 1242 manu
1271 1201 1419 1241 dissecta
1437 1204 1612 1244 cad-auem
1634 1237 1644 1255 ‚
1671 1203 1833 1257 contigit

498 1263 539 1305 in
557 1263 704 1304 diuersis
734 1263 917 1304 diuersam
951 1261 1147 1305 obseruare
1167 1294 1178 1315 ‚
1198 1275 1236 1305 et
1254 1264 1500 1305 Auditoribus
1535 1266 1684 1318 aliisque
1719 1266 1832 1307 scien·

497 1327 573 1368 tiae
598 1327 858 1368 Anatomicae
874 1326 1079 1368 cultoribus
1109 1328 1368 1369 demonstrare
1387 1327 1544 1368 ludentis
1560 1338 1710 1369 naturae
1729 1330 1832 1370 datas

498 1392 709 1431 varietates.
737 1390 784 1430 In
812 1391 947 1444 primis
971 1402 1103 1431 veram
1122 1391 1212 1432 resti
1236 1391 1447 1431 abdominis
1467 1391 1619 1430 musculi
1639 1392 1826 1432 extensio-

499 1466 591 1494 nem
604 1487 614 1506 ,
624 1455 663 1495 in
672 1453 751 1494 aliis
768 1453 949 1495 musculos
958 1453 1194 1508 superstratos
1203 1454 1415 1508 peculiares.
1437 1452 1667 1495 Affirmatur
1685 1453 1829 1507 insuper

497 1516 577 1559 fide
595 1517 804 1571 dignorum
823 1518 1047 1559 testimonio
1065 1517 1287 1559 obseruatio.
1323 1517 1421 1557 Tale
1440 1518 1527 1571 quid
1548 1519 1675 1572 potuit
1694 1518 1825 1559 videre

498 1583 618 1621 etiam
638 1578 837 1634 Galenus,
858 1580 1100 1637 (dummodo
1133 1593 1265 1624 contra
1300 1581 1491 1622 Vesalium
1529 1579 1602 1636 (b)
1654 1593 1823 1635 vnquam

496 1643 660 1686 humana
690 1657 852 1698 corpora
885 1646 1106 1687 dissecuerit.
1135 1645 1150 1702 )
1181 1647 1403 1700 culpandus,
1438 1646 1503 1699 qui
1540 1645 1746 1686 naturalem
1783 1654 1824 1687 et

494 1708 640 1763 semper
669 1710 780 1763 ponit
817 1710 979 1751 nomine
1013 1710 1112 1752 hunc
1148 1710 1314 1766 penoris
1363 1711 1403 1750 in
1438 1722 1602 1764 corpore
1650 1709 1822 1753 humano

488 1772 698 1814 musculum
721 1773 924 1827 insignem.

634 1864 687 1893 (a)
715 1862 884 1898 Antropogi.
909 1863 964 1891 Lib.
990 1865 1027 1893 11.
1051 1861 1117 1900 (ΞειΓ.
1142 1863 1218 1894 vm.

632 1903 688 1938 (b)
716 1903 777 1934 Lib.
801 1903 854 1932 lu.
877 1902 945 1943 Cap.
972 1904 1048 1934 vul.
1072 1913 1139 1943 pag.
1165 1913 1242 1945 3²9-

563 1993 895 2075 Explicatio
949 1995 1287 2074 Figuratum
1331 1991 1591 2051 Tabulae
1636 1992 1737 2053 XI.

983 2092 1119 2146 Figura
1152 2091 1288 2132 Prima.

598 2183 717 2219 Ablato
744 2197 760 2217 a
789 2183 933 2217 tlauitula
962 2182 1108 2217 inferiore
1135 2194 1166 2216 ci
1195 2195 1211 2214 a
1238 2184 1336 2216 sscrno
1366 2183 1475 2217 laterali
1492 2208 1503 2226 ‚
1520 2181 1651 2218 Ptuoris
1665 2178 1828 2223 mustulo,

503 2233 542 2270 nb
568 2236 712 2269 inierime
738 2235 866 2281 [astutis
891 2245 922 2267 ct
951 2233 1110 2283 supu'toxe
1150 2231 1322 2269 abdtmuiis
1361 2243 1474 2280 parte,
1503 2234 1680 2280 aponturosn
1706 2229 1832 2267 miifieli

490 2285 609 2337 obliqm
634 2286 759 2321 externi
775 2307 788 2331 ,
815 2294 958 2334 apparent

1722 2342 1755 2363 1.
1772 2338 1808 2368 8,
