1971 2700
139 216 230 263 AD
262 213 462 263 NAVES
494 211 741 259 ONERAR.
761 210 938 257 PROM.
966 207 1319 257 DESCRIPTIO.
1359 225 1450 266 217

140 331 326 372 resistente
357 340 398 372 et
430 329 592 384 pondere
624 325 733 365 vuius
763 325 867 379 pedis
898 325 1017 368 cubici
1048 337 1158 379 aquae
1175 325 1300 366 haberi
1326 326 1447 379 potest

142 394 291 449 pondus
323 394 467 448 aequale
497 389 746 440 resistentiae,
778 402 896 442 quam
931 390 1033 431 nauis
1065 388 1111 429 ab
1142 402 1234 442 aqua
1259 389 1445 430 incurren-

143 468 181 498 te
213 459 369 511 excipit.
435 455 586 496 Planum
621 465 716 492 vero
747 453 910 493 resistens
939 466 991 493 ex
1024 455 1108 494 data
1141 453 1301 493 sectione
1349 453 1451 493 nauis

142 522 268 562 media
299 518 519 561 transuersali
552 519 697 570 eiusque
748 517 983 557 demersione
1031 517 1092 558 sub
1122 528 1213 570 aqua
1244 517 1295 557 est
1327 517 1447 557 deter-

141 585 362 624 minandum
384 615 394 635 ,
426 580 628 622 sectionem
679 580 785 619 istam
836 590 1030 634 tamquam
1079 579 1352 621 semicirculum
1403 579 1451 621 ad

141 648 362 688 diametrum
392 645 592 686 latitudinis
623 643 724 683 nauis
755 644 1035 685 considerando.
1117 643 1311 699 Quoniam
1354 655 1450 683 vero

142 711 206 751 ista
236 710 429 751 resistentia
461 717 619 762 propter
651 706 986 759 prolongationem
1018 718 1151 760 prorae
1169 707 1446 747 cuneisormem

139 774 383 824 diminuitur,
415 772 508 812 haec
539 771 744 811 diminutio
775 771 814 810 in
848 770 1049 811 maioribus
1081 769 1236 821 nauigiis
1270 770 1447 809 ostauam

139 837 284 877 circiter
315 845 462 890 partem
497 835 604 876 huius
637 846 742 874 araxe
776 846 848 887 pro
879 833 997 887 plano
1037 834 1220 874 resistente
1258 832 1447 885 relinquit.

139 899 363 941 vocabimus
380 899 469 940 illud
487 911 562 954 rr3
581 908 622 938 et
641 898 710 937 erit
729 898 945 950 resistentia,
979 911 1090 951 quam
1111 896 1214 936 nauis
1232 896 1373 949 patitur
1389 908 1446 935 z:

138 975 255 1004 xrr.
294 961 427 1014 64115.
495 961 635 1019 Quodsi
669 962 746 1000 iam
780 961 881 1000 nauis
920 970 1029 1001 motu
1076 960 1220 1011 semper
1268 959 1450 1013 aequabili

137 1028 350 1078 promoueri
382 1026 546 1077 debeat,
578 1027 676 1064 vires
708 1023 909 1063 hominum
943 1031 1209 1076 promouentes
1226 1053 1237 1072 ,
1270 1022 1330 1061 vel
1347 1022 1448 1062 ae'tio

138 1091 230 1128 remi
264 1091 304 1128 in
340 1101 472 1142 aquam
505 1088 590 1128 huic
622 1085 834 1125 resistentiae
867 1086 1004 1126 debent
1037 1084 1113 1125 effe
1130 1085 1308 1138 aequales.
1328 1085 1448 1125 Ac‘tio

137 1163 234 1191 vero
291 1152 390 1190 remi
421 1152 461 1190 in
494 1163 626 1202 aquam
661 1160 711 1188 ex
744 1149 940 1188 resistentia
973 1161 1090 1201 aquae
1128 1156 1254 1188 contra
1292 1160 1446 1189 remum

136 1214 223 1252 data
252 1213 442 1252 celeritate
474 1212 657 1250 vibratum
694 1211 817 1249 modo
849 1210 925 1249 iam
959 1211 1136 1263 exposito
1175 1210 1369 1263 reperitur.
1403 1210 1448 1252 Si

138 1276 238 1314 enim
270 1273 345 1312 eius
377 1271 585 1326 superficies
616 1272 655 1310 in
688 1284 822 1324 aquam
856 1285 967 1326 agens
996 1274 1140 1315 dicatur
1171 1287 1227 1316 ss
1260 1282 1297 1313 et
1322 1274 1448 1318 altitu-

134 1337 189 1376 do
218 1335 397 1376 celeritati
430 1335 650 1376 vibrationis
682 1335 909 1388 respondens
927 1351 961 1390 y
981 1370 993 1389 ,
1045 1339 1115 1378 erit
1145 1338 1260 1382 aetio
1280 1339 1375 1380 remi
1407 1339 1447 1378 in

133 1412 268 1452 aquam
305 1413 360 1438 :-
380 1413 398 1440 s
416 1413 472 1451 sy
490 1403 549 1449 64
565 1398 624 1445 ῒῐξ.
692 1399 865 1439 Vocetur
897 1413 1014 1453 porro
1046 1414 1126 1455 pars
1143 1401 1237 1442 remi
1257 1402 1294 1440 in
1313 1414 1450 1455 aquam

135 1463 348 1516 impingens
380 1463 426 1503 ab
458 1476 529 1504 axe
560 1475 674 1517 vsque
707 1463 752 1502 ad
787 1464 958 1503 medium
1004 1465 1111 1517 palae
1140 1473 1169 1520 p
1202 1473 1242 1504 et
1282 1463 1450 1519 longitu-

136 1524 189 1563 do
239 1526 424 1567 manubrii
457 1540 525 1580 ⁷⁷²3
561 1536 598 1566 et
627 1526 697 1566 erit
738 1535 986 1566 momentum
1021 1527 1128 1568 huius
1160 1528 1214 1568 vis
1244 1526 1304 1568 sub
1338 1539 1447 1569 motu

139 1588 240 1627 nauis
271 1602 326 1627 z
344 1603 360 1631 s
379 1603 397 1631 s
417 1595 480 1642 64
499 1585 602 1644 (Vy
619 1612 660 1617 —-
680 1583 720 1627 V
738 1583 857 1644 x)²p
877 1603 931 1629 Ξ
955 1603 1036 1641 140
1058 1603 1094 1631 m
1116 1623 1127 1643 ‚
1159 1599 1363 1631 momento
1381 1590 1443 1631 sci-

138 1650 224 1690 licet
275 1653 329 1692 vis
364 1654 558 1706 operarii,
609 1653 672 1694 vel
709 1665 795 1703 140
833 1666 854 1693 n
873 1667 908 1694 m
927 1686 938 1705 ,
970 1654 998 1694 fi
1030 1655 1135 1695 datus
1185 1655 1447 1708 operariorum

138 1726 314 1754 numerus
361 1714 465 1755 fuerit
502 1729 554 1754 z:
575 1729 611 1756 n.
698 1716 796 1771 Quia
827 1730 950 1757 remus
983 1718 1022 1756 in
1058 1718 1270 1772 peripheria
1321 1718 1445 1758 circuli

139 1786 311 1817 mouetur
330 1809 340 1827 ,
373 1778 527 1830 ideoque
561 1791 639 1818 non
689 1779 837 1831 semper
878 1781 1015 1820 directe
1047 1783 1083 1820 iu
1119 1794 1253 1834 aquam
1304 1782 1443 1833 impin-

140 1840 194 1892 git
213 1872 223 1891 ‚
258 1839 440 1891 respectus
473 1852 619 1892 quoque
648 1842 735 1880 esset
764 1841 951 1882 habendus
983 1844 1028 1883 ad
1062 1845 1236 1896 angulum
1278 1844 1446 1885 inciden-

140 1905 224 1943 tiae.
292 1901 364 1941 Sed
396 1904 571 1954 quoniam
605 1905 641 1943 in
676 1904 797 1944 nostra
831 1905 1106 1946 machinatione
1138 1919 1264 1946 remus
1294 1919 1369 1946 uon
1390 1907 1447 1948 vl-

142 1975 196 2006 tra
219 1976 238 2014 ς
277 1965 387 2018 pedes
420 1965 506 2005 hinc
539 1967 623 2006 inde
656 1967 823 2007 vibratur
842 2001 851 2019 ,
884 1968 977 2009 finus
1009 1969 1233 2011 incidentiae
1266 1970 1444 2011 minimus

141 2029 193 2069 est
226 2029 271 2069 ad
303 2029 418 2069 sinum
452 2039 575 2069 totum
614 2032 760 2070 circiter
791 2041 835 2071 vt
872 2034 924 2073 86
957 2033 1003 2073 ad
1035 2045 1116 2072 100
1139 2067 1148 2085 ‚
1167 2036 1332 2087 adeoque
1351 2033 1442 2075 haec

142 2092 336 2146 obliquitas
368 2093 500 2146 absque
533 2093 687 2134 sensibili
718 2107 839 2135 errore
871 2098 1009 2151 poterit
1036 2097 1184 2150 negligi.
1252 2098 1445 2138 Habemus

141 2156 261 2209 itaque
293 2156 357 2196 has
388 2157 475 2197 duas
492 2158 724 2210 aequationes
743 2172 752 2199 z
784 2171 806 2201 r
823 2171 844 2204 r
861 2172 890 2203 x
909 2164 969 2212 64
986 2175 1042 2201 r:
1059 2174 1077 2201 s
1097 2173 1116 2202 s
1135 2156 1196 2217 (V
1201 2175 1235 2217 y
1253 2183 1296 2189 -
1312 2157 1352 2204 V
1371 2154 1443 2215 x)‘

205 2220 242 2259 T
244 2232 326 2260 om.
345 2218 396 2260 ΙΙ.
418 2221 523 2265 Nou.
544 2219 769 2264 Comment.
1015 2223 1052 2268 E
1071 2236 1093 2265 e
1349 2229 1409 2273 64
1429 2236 1440 2276 5
