1971 2700
491 242 583 297 '296
832 240 915 286 m:
946 238 1167 285 emus
1199 203 1464 286 M-,imz'vis

1587 351 1683 392 Poll.
1706 355 1775 396 dec

564 422 787 477 Longitudo
819 421 1045 476 papillarum
1109 446 1127 454 -
1191 442 1210 452 -
1284 447 1299 452 -
1365 438 1384 449 -
1467 439 1483 448 -
1547 441 1563 447 -
1605 428 1646 466 ·4

560 487 781 540 Longitudo
805 485 889 525 offis
914 485 1066 525 humeri
1130 505 1469 520 -----
1544 506 1560 513 -
1608 492 1624 518 1
1641 494 1670 531 4
1729 491 1749 531 5

563 549 788 602 Longitudo
813 548 924 588 vlnae
985 567 1555 582 --------
1609 559 1623 584 1
1641 557 1662 582 2
1727 557 1751 583 2

564 614 785 665 Longitudo
808 611 940 666 capitis
971 624 994 652 a
1027 612 1172 653 naribus
1203 623 1319 667 vsque
1349 612 1395 653 ad
1428 611 1578 665 occiput

636 677 675 716 in
697 676 829 716 l'celeto
926 707 934 715 .
1003 694 1346 708 -----
1429 698 1448 708 -
1548 702 1555 706 .
1607 683 1661 722 27

563 740 745 783 Latitudo
778 741 963 795 occipitis.
1031 761 1052 769 —
1119 764 1135 771 -
1200 761 1218 771 -
1281 766 1296 771 -
1360 767 1374 772 -
1445 766 1458 772 -
1544 761 1558 769 -
1609 749 1661 776 10
1725 745 1766 787 5.

619 813 952 858 DFSCRIPTIO
987 815 1244 859 PARTIVM
1280 812 1707 859 EXTERNARVM.

615 889 776 930 Animal
807 887 883 929 hoc
916 888 991 929 sere
1009 890 1201 930 marinum
1234 903 1302 931 nec
1321 886 1584 944 ampliibium,
1626 899 1827 942 perperam

501 951 591 996 illud
626 952 851 993 tradentibus
883 952 1074 993 autoribus
1105 954 1323 1005 nonnullis,
1363 954 1602 994 relationibus
1652 953 1829 1007 nauigan-

501 1018 598 1058 tium
632 1016 769 1057 finistre
801 1017 991 1070 acceptis,
1026 1018 1274 1069 tradentium,
1303 1017 1411 1072 quod
1447 1019 1543 1075 circa
1563 1016 1672 1057 litora
1703 1028 1741 1056 ct
1761 1015 1828 1057 flu-

500 1082 587 1121 vios
618 1081 792 1134 gramina
821 1078 1036 1134 depascatur
1055 1114 1065 1133 ,
1097 1081 1199 1136 quod
1233 1093 1313 1121 non
1347 1082 1394 1121 de
1410 1081 1637 1134 graminibus
1654 1080 1832 1121 terrestri-

502 1144 571 1184 bus
603 1143 658 1184 led
694 1144 782 1183 fucis
831 1142 1042 1183 submarinis
1083 1157 1208 1198 prope
1250 1145 1357 1185 litora
1407 1143 1648 1186 crescentibus
1697 1143 1831 1184 iutelli-

503 1206 673 1262 gendum
709 1217 807 1257 erat,
847 1215 891 1246 vt
923 1207 1077 1247 foedum
1110 1209 1218 1248 valde
1250 1216 1287 1246 et
1321 1217 1430 1260 turpe
1464 1205 1548 1247 Cel.
1584 1205 1734 1260 Clusio,
1769 1208 1833 1262 qui

504 1273 656 1312 corium
690 1271 879 1324 integrum
916 1270 1093 1311 stramine
1126 1270 1398 1311 suffirclnanim
1429 1271 1590 1322 viderat,
1613 1272 1734 1311 vil'um
1755 1271 1833 1312 fue-

505 1345 588 1385 rat,
621 1334 693 1374 tale
729 1345 767 1374 et
798 1334 931 1374 viuum
966 1347 1093 1375 reuera
1113 1367 1124 1385 ,
1155 1347 1292 1375 verum
1328 1334 1473 1387 insuper
1505 1344 1542 1374 et
1562 1334 1733 1375 mirabile
1751 1335 1834 1387 est,

506 1399 533 1439 fi
568 1398 735 1438 formam
757 1430 766 1448 ‚
802 1407 954 1438 motum
988 1394 1027 1438 et
1058 1397 1164 1439 vsum
1185 1398 1335 1452 spectes.
1370 1395 1492 1437 Corio
1511 1399 1645 1450 tegitur
1671 1397 1834 1439 crassissi-

507 1474 607 1514 mo,
642 1461 775 1511 cortici
811 1462 933 1514 potius
966 1462 1125 1503 anuofiae
1159 1474 1333 1516 quercus,
1367 1473 1483 1515 quam
1534 1461 1641 1501 corio
1692 1462 1837 1503 anima-

506 1527 551 1567 lis
584 1525 693 1566 fimili
714 1558 725 1576 ,
760 1526 872 1579 nigro
892 1557 903 1577 ,
936 1524 1065 1566 scabro
1085 1559 1096 1577 ,
1131 1525 1265 1580 rugoso
1285 1559 1296 1579 ‚
1338 1523 1508 1580 scruposo
1528 1556 1538 1572 ,
1589 1525 1685 1565 duro
1718 1537 1763 1566 ac
1782 1534 1834 1565 te·

507 1591 621 1639 mci,
656 1590 741 1642 pilis
774 1590 892 1641 orbo,
927 1590 995 1629 vix
1029 1590 1156 1630 securis
1187 1600 1245 1630 aut
1279 1591 1368 1631 vnci
1403 1588 1494 1630 aciei
1515 1588 1717 1642 obnoxio,
1750 1589 1837 1643 pol-

506 1654 620 1694 licem
646 1665 683 1691 1.
705 1653 847 1705 crasso,
882 1664 918 1694 at
935 1667 1023 1694 cum
1069 1655 1301 1695 transuerlim
1322 1654 1519 1704 inciditur,
1553 1653 1660 1706 liguo
1702 1653 1839 1696 Ebcno

510 1726 591 1758 tam
626 1716 796 1771 glabritie
817 1750 827 1770 ,
861 1730 974 1771 quam
1008 1718 1134 1758 colore
1168 1718 1366 1759 simillimo
1386 1750 1396 1769 ,
1448 1717 1541 1758 haec
1579 1729 1673 1757 vero
1704 1726 1838 1758 cortex

509 1782 682 1822 exoerior
729 1783 834 1822 non'
859 1783 981 1834 cutis,
1031 1782 1088 1822 scd
1122 1783 1280 1823 cuticula
1313 1781 1367 1822 est
1404 1781 1441 1821 iu
1476 1780 1586 1822 dorso
1618 1781 1761 1835 glabra.
1798 1779 1839 1822 A

510 1845 632 1887 micha
665 1857 782 1899 vsque
815 1845 859 1885 ad
894 1847 1030 1886 caudae
1064 1847 1221 1899 pinnam
1258 1859 1336 1886 non
1370 1845 1434 1885 uisi
1468 1846 1564 1900 rugis
1607 1845 1841 1885 circularibus

512 1910 692 1964 tantisper
725 1909 988 1964 luperficictim
1018 1911 1233 1964 inaequalis,
1254 1911 1365 1950 latera
1400 1920 1522 1950 autem
1559 1909 1668 1948 valde
1687 1907 1842 1963 scrupo-

513 1974 546 2012 ίῖι
580 1974 657 2013 lunt
677 2007 687 2024 ,
721 1987 762 2014 ac
798 1975 928 2015 multis
959 1975 1158 2014 acetabulis
1190 1973 1524 2027 prominentibus,
1567 1972 1717 2024 pezizas
1749 1971 1839 2013 refe·

514 2037 674 2076 rentibus
694 2069 704 2086 ,
736 2038 890 2078 horrida
911 2071 921 2088 ,
957 2038 1156 2091 praecipue
1187 2037 1283 2076 circa
1335 2045 1459 2088 caput*
1527 2031 1696 2076 Cuticula
1744 2034 1837 2077 haec

514 2108 637 2139 totum
673 2112 807 2154 corpus
837 2101 972 2141 crustae
1006 2101 1114 2140 instar
1145 2099 1314 2140 ambiens
1333 2132 1343 2150 ,
1377 2098 1525 2139 crassitie
1558 2100 1741 2154 pollicem
1760 2110 1836 2140 non

517 2175 602 2204 raro
634 2164 809 2216 attingit,
847 2178 868 2203 e
890 2165 1000 2203 meris
1035 2163 1169 2203 tubulis
1201 2161 1384 2204 conflatur
1415 2163 1549 2204 cadem
1587 2164 1730 2204 ratione
1749 2196 1759 2214 ‚
1794 2173 1836 2204 ac

517 2238 555 2269 m
581 2227 760 2267 arundine
796 2228 967 2269 videmus
1001 2226 1249 2282 Hilpanicouc
1285 2227 1448 2269 Mambu
1484 2226 1668 2268 Indorum
1721 2237 1758 2265 ct
1779 2223 1838 2264 Si-

1750 2300 1836 2329 nell·
