1971 2700
525 176 625 212 '208
724 169 804 214 DE
835 165 1207 215 BAROMETRO
1226 202 1238 222 ,
1271 168 1448 213 CVIVS
1467 168 1667 219 SCAL'A

528 287 653 328 cedet.
721 285 884 328 Necesse
916 296 1044 328 tamen
1077 285 1130 326 est
1162 295 1206 326 vt
1239 284 1347 325 fimul
1379 284 1579 339 temperiei
1612 285 1721 329 fluidi
1759 290 1855 331 ratio

528 351 708 392 habeatur
727 383 737 402 ,
773 362 812 391 et
845 352 1035 404 grauitatis
1068 349 1298 411 specificae..

645 447 680 494 §—
710 459 779 494 29.
815 443 857 484 Si
889 444 985 484 haec
1006 445 1194 498 grauitatis
1226 445 1453 499 dicrepantia
1474 477 1485 497 ,
1519 444 1569 486 de
1588 457 1659 499 qua
1680 442 1737 500 (ξ.
1760 445 1855 504 28.)

530 509 678 549 dietum
714 509 764 547 est
786 540 796 558 ,
847 506 1066 562 prasecripta
1113 510 1258 549 mtione
1309 508 1482 562 cognosci
1533 510 1730 563 potuerit,
1781 521 1857 551 non

529 574 598 611 erit
629 573 872 611 dubitandum
906 573 1097 625 grauitatis
1129 572 1382 614 diuerfitatem
1418 573 1478 615 sub
1509 573 1657 614 diuerfis
1696 572 1859 614 latitudi-

533 636 637 675 nibus
671 636 808 675 eadem
845 635 990 676 ratione
1024 636 1236 690 inuestigari
1269 637 1368 690 poffi:
1388 670 1399 688 ,
1434 638 1461 678 si
1495 650 1635 691 nempe
1653 637 1757 677 idem
1775 636 1859 677 Ex-

531 700 619 739 rim.
655 699 716 752 (§.
738 698 831 752 28.)
866 698 926 740 lub
960 700 1091 741 eadem
1125 702 1315 741 altitudine
1347 701 1451 742 fluidi
1486 701 1547 742 lub
1581 700 1729 742 diuersis
1774 701 1859 742 lati-

527 764 713 804 tudinibus
743 763 947 804 instituatur
974 776 1014 805 et
1046 766 1252 819 temperies
1282 764 1387 806 fluidi
1426 766 1558 806 eadem
1610 763 1860 806 conseruetur.

647 860 684 909 ς.
706 872 778 910 30.
813 861 897 904 Nisi
929 860 1141 902 notiffimae
1170 860 1385 902 anomaliae
1404 891 1415 910 ‚
1450 861 1579 915 quibus
1610 860 1732 901 fluxus
1749 872 1862 915 aqua*-

528 936 613 964 rum
649 936 699 964 ex
734 924 974 966 foraminibus
1008 925 1183 965 vasorum
1213 924 1406 966 obnoxius
1432 925 1488 966 est
1508 958 1520 978 ‚
1551 924 1658 980 spem
1691 922 1862 966 successus

527 987 754 1028 diminueret
773 1021 785 1040 ,
819 987 944 1042 posset
975 990 1092 1029 etiam

655 1050 860 1107 1)Tubus
918 1052 1099 1106 amplus,
1143 1051 1303 1105 aequalis
1355 1052 1493 1104 vbique
1546 1051 1719 1093 sectionis
1768 1063 1864 1105 aqua

531 1115 681 1166 impleri
717 1127 755 1156 et
787 1129 906 1170 aquae
938 1129 989 1156 ex
1021 1115 1164 1157 lumine
1195 1115 1361 1157 definito
1404 1117 1529 1157 exitus
1556 1115 1747 1168 concedi,
1787 1127 1859 1156 no-

531 1187 688 1230 tutique.

648 1241 691 1295 ε)
723 1242 899 1297 Tempus
927 1243 1179 1284 euacuatiom‘s
1212 1252 1252 1283 et

647 1304 691 1358 3)
725 1304 833 1346 Idem
867 1307 978 1347 tubus
1009 1307 1081 1347 alio
1127 1316 1309 1359 tempore
1351 1305 1415 1346 vel
1445 1306 1516 1346 alia
1552 1303 1617 1345 sub
1651 1306 1860 1347 eleuatiooe

529 1369 612 1422 poli
646 1370 690 1408 ad
727 1369 887 1409 eandem
922 1370 1160 1410 altitudinem
1194 1368 1257 1409 sub
1287 1370 1424 1410 eadem
1460 1369 1652 1422 temperie
1670 1368 1824 1422 impleri
1843 1400 1856 1422 ‚

530 1442 574 1471 vt
608 1444 660 1472 ex
690 1433 830 1473 eodem
867 1432 1048 1473 foramine
1084 1432 1289 1487 efflueret3
1324 1433 1476 1486 parique
1509 1433 1659 1472 ratione
1701 1444 1857 1474 euacua-

529 1497 647 1536 tionis
683 1507 839 1550 tempus
888 1498 966 1537 alio
995 1507 1174 1551 tempore
1203 1497 1270 1538 *vel
1299 1497 1368 1538 alia
1399 1495 1464 1537 sub
1511 1496 1727 1536 eleuatione
1775 1496 1858 1550 poli

528 1562 663 1599 notari.
733 1559 855 1601 Posset
883 1562 1044 1613 denique

646 1621 692 1677 4)
730 1624 791 1664 Ex
823 1626 1118 1678 comparatione
1151 1635 1377 1679 temporum
1411 1625 1471 1664 vis
1486 1623 1677 1678 gmuitatis
1699 1622 1858 1665 diuerfi-

526 1698 583 1728 tas
613 1689 800 1740 cognosci.

641 1750 684 1792 Si
716 1763 874 1805 tempus
903 1754 1161 1794 euacuationis
1193 1754 1232 1794 in
1266 1753 1358 1793 loco
1390 1753 1453 1792 vel
1486 1762 1664 1805 tempore
1697 1752 1737 1792 Α
1784 1764 1856 1806 po·

530 1814 630 1855 nitur
661 1828 718 1856 z
753 1817 821 1868 T,
853 1828 891 1857 et
928 1829 1079 1870 tempus
1106 1818 1357 1857 euacuationis
1392 1817 1430 1856 in
1465 1816 1553 1856 loco
1586 1816 1645 1856 vcl
1676 1826 1853 1867 tempore

530 1877 562 1918 B
595 1893 649 1920 z:
684 1888 731 1933 t,
764 1891 802 1921 et
834 1882 1121 1923 decrementum
1159 1881 1351 1936 prcffionis
1384 1882 1423 1921 in
1458 1881 1543 1921 loco
1576 1880 1636 1918 vel
1676 1887 1852 1931 tempore

529 1941 563 1982 B
596 1946 639 1984 ad
677 1945 905 1999 prellionem
938 1949 976 1986 in
1010 1945 1097 1986 loco
1130 1947 1188 1986 vel
1231 1956 1409 1998 tempore
1442 1944 1481 1983 A
1502 1975 1514 1992 ‚
1564 1951 1607 1981 vt
1638 1942 1794 1981 altitudo
1823 1954 1853 1983 ,τ

529 2007 575 2045 ad
608 2009 841 2050 altitudinem
877 2023 932 2059 a,
966 2011 1011 2050 ad
1046 2022 1160 2061 quam
1196 2021 1290 2060 aqua
1323 2008 1370 2046 ab
1403 2007 1508 2045 initio
1541 2006 1577 2044 in
1613 2007 1706 2045 tubo
1756 2004 1852 2059 stag-

529 2080 593 2109 nat
630 2082 704 2111 tum
740 2074 774 2111 in
810 2075 846 2112 A
882 2085 995 2125 quam
1033 2073 1069 2110 in
1105 2071 1151 2113 B.
1223 2069 1397 2110 pendebit
1447 2070 1614 2109 celeritas
1659 2069 1697 2108 in
1731 2068 1769 2109 Α
1803 2070 1851 2111 ab

529 2133 722 2175 altitudine
756 2148 782 2175 a
812 2146 851 2175 et
883 2137 920 2175 in
954 2134 988 2175 B
1019 2136 1067 2175 ab
1102 2135 1295 2176 altitudine
1325 2148 1351 2175 a
1371 2146 1471 2174 -x.
1507 2130 1683 2188 Cumque
1716 2132 1852 2175 massine

1707 2208 1845 2250 aqueae
