<?xml version="1.0" encoding="UTF-8"?>
<!DOCTYPE html PUBLIC "-//W3C//DTD XHTML 1.0 Transitional//EN"
    "http://www.w3.org/TR/xhtml1/DTD/xhtml1-transitional.dtd">
<html xmlns="http://www.w3.org/1999/xhtml" xml:lang="en" lang="en">
 <head>
  <title>
</title>
<meta http-equiv="Content-Type" content="text/html;charset=utf-8" />
  <meta name='ocr-system' content='tesseract 3.04.00' />
  <meta name='ocr-capabilities' content='ocr_page ocr_carea ocr_par ocr_line ocrx_word'/>
</head>
<body>
  <div class='ocr_page' id='page_1' title='image "./novicommentariac02impe_0345.png"; bbox 0 0 1971 2700; ppageno 0'>
   <div class='ocr_carea' id='block_1_1' title="bbox 445 175 1428 233">
    <p class='ocr_par' dir='ltr' id='par_1_1' title="bbox 445 175 1428 233">
     <span class='ocr_line' id='line_1_1' title="bbox 445 175 1428 233; baseline 0 -10"><span class='ocrx_word' id='word_1_1' title='bbox 445 180 528 223; x_wconf 89' lang='lat' dir='ltr'>DE</span> <span class='ocrx_word' id='word_1_2' title='bbox 557 176 777 224; x_wconf 82' lang='lat' dir='ltr'><strong><em>BESTIIS</em></strong></span> <span class='ocrx_word' id='word_1_3' title='bbox 808 175 1078 226; x_wconf 77' lang='lat' dir='ltr'><strong><em>MARINIS.</em></strong></span> <span class='ocrx_word' id='word_1_4' title='bbox 1336 190 1428 233; x_wconf 75' lang='lat'>309</span> 
     </span>
    </p>
   </div>
   <div class='ocr_carea' id='block_1_2' title="bbox 124 288 1430 1096">
    <p class='ocr_par' dir='ltr' id='par_1_2' title="bbox 124 288 1430 1096">
     <span class='ocr_line' id='line_1_2' title="bbox 136 288 1430 344; baseline -0.003 -11"><span class='ocrx_word' id='word_1_5' title='bbox 136 291 305 334; x_wconf 81' lang='lat' dir='ltr'>lidiffima</span> <span class='ocrx_word' id='word_1_6' title='bbox 337 291 553 334; x_wconf 81' lang='lat' dir='ltr'>membrana</span> <span class='ocrx_word' id='word_1_7' title='bbox 586 290 784 331; x_wconf 88' lang='lat' dir='ltr'>obuestitur</span> <span class='ocrx_word' id='word_1_8' title='bbox 804 321 816 340; x_wconf 91' lang='lat'>,</span> <span class='ocrx_word' id='word_1_9' title='bbox 850 301 942 341; x_wconf 79' lang='lat' dir='ltr'>quae</span> <span class='ocrx_word' id='word_1_10' title='bbox 981 289 1178 331; x_wconf 73' lang='lat' dir='ltr'>fiecundum</span> <span class='ocrx_word' id='word_1_11' title='bbox 1228 288 1430 344; x_wconf 84' lang='lat' dir='ltr'>longitudi-</span> 
     </span>
     <span class='ocr_line' id='line_1_3' title="bbox 136 352 1429 407; baseline -0.003 -10"><span class='ocrx_word' id='word_1_12' title='bbox 136 369 225 397; x_wconf 88' lang='lat' dir='ltr'>nem</span> <span class='ocrx_word' id='word_1_13' title='bbox 259 356 377 396; x_wconf 84' lang='lat' dir='ltr'>striata</span> <span class='ocrx_word' id='word_1_14' title='bbox 395 387 406 407; x_wconf 90' lang='lat'>,</span> <span class='ocrx_word' id='word_1_15' title='bbox 439 366 479 394; x_wconf 89' lang='lat' dir='ltr'>ac</span> <span class='ocrx_word' id='word_1_16' title='bbox 497 353 621 394; x_wconf 83' lang='lat' dir='ltr'>multis</span> <span class='ocrx_word' id='word_1_17' title='bbox 653 353 754 393; x_wconf 84' lang='lat' dir='ltr'>sulcis</span> <span class='ocrx_word' id='word_1_18' title='bbox 769 352 1029 406; x_wconf 87' lang='lat' dir='ltr'>superficietim</span> <span class='ocrx_word' id='word_1_19' title='bbox 1047 358 1224 394; x_wconf 81' lang='lat' dir='ltr'>excauata</span> <span class='ocrx_word' id='word_1_20' title='bbox 1255 354 1334 394; x_wconf 88' lang='lat' dir='ltr'>est:</span> <span class='ocrx_word' id='word_1_21' title='bbox 1370 354 1429 393; x_wconf 83' lang='lat' dir='ltr'>in·</span> 
     </span>
     <span class='ocr_line' id='line_1_4' title="bbox 134 415 1428 469; baseline -0.002 -11"><span class='ocrx_word' id='word_1_22' title='bbox 134 429 188 458; x_wconf 79' lang='lat' dir='ltr'>tm</span> <span class='ocrx_word' id='word_1_23' title='bbox 222 418 288 458; x_wconf 84' lang='lat' dir='ltr'>hos</span> <span class='ocrx_word' id='word_1_24' title='bbox 319 417 430 457; x_wconf 88' lang='lat' dir='ltr'>sulcos</span> <span class='ocrx_word' id='word_1_25' title='bbox 460 415 649 469; x_wconf 84' lang='lat' dir='ltr'>glandulae</span> <span class='ocrx_word' id='word_1_26' title='bbox 681 417 887 469; x_wconf 73' lang='lat' dir='ltr'>permultae</span> <span class='ocrx_word' id='word_1_27' title='bbox 918 417 1076 457; x_wconf 79' lang='lat' dir='ltr'>aciculae</span> <span class='ocrx_word' id='word_1_28' title='bbox 1107 415 1319 469; x_wconf 85' lang='lat' dir='ltr'><strong>capitellum</strong></span> <span class='ocrx_word' id='word_1_29' title='bbox 1350 428 1428 457; x_wconf 86' lang='lat' dir='ltr'>non</span> 
     </span>
     <span class='ocr_line' id='line_1_5' title="bbox 129 478 1425 534; baseline -0.002 -12"><span class='ocrx_word' id='word_1_30' title='bbox 129 483 330 534; x_wconf 80' lang='lat' dir='ltr'>superantes</span> <span class='ocrx_word' id='word_1_31' title='bbox 361 478 706 531; x_wconf 85' lang='lat' dir='ltr'>deprehenduntur,</span> <span class='ocrx_word' id='word_1_32' title='bbox 741 492 894 520; x_wconf 85' lang='lat' dir='ltr'>mucum</span> <span class='ocrx_word' id='word_1_33' title='bbox 934 489 1188 530; x_wconf 78' lang='lat' dir='ltr'>excernentes,</span> <span class='ocrx_word' id='word_1_34' title='bbox 1215 492 1289 532; x_wconf 90' lang='lat' dir='ltr'>quo</span> <span class='ocrx_word' id='word_1_35' title='bbox 1320 481 1425 531; x_wconf 82' lang='lat' dir='ltr'>vagi-</span> 
     </span>
     <span class='ocr_line' id='line_1_6' title="bbox 129 542 1425 596; baseline -0.002 -12"><span class='ocrx_word' id='word_1_36' title='bbox 129 557 175 584; x_wconf 79' lang='lat' dir='ltr'>na</span> <span class='ocrx_word' id='word_1_37' title='bbox 209 543 364 596; x_wconf 75' lang='lat' dir='ltr'>Vndique</span> <span class='ocrx_word' id='word_1_38' title='bbox 408 542 557 581; x_wconf 72' lang='lat' dir='ltr'>oblinita</span> <span class='ocrx_word' id='word_1_39' title='bbox 607 553 696 583; x_wconf 79' lang='lat' dir='ltr'>erat.</span> <span class='ocrx_word' id='word_1_40' title='bbox 760 543 916 583; x_wconf 88' lang='lat' dir='ltr'>Abhinc</span> <span class='ocrx_word' id='word_1_41' title='bbox 949 553 1070 582; x_wconf 80' lang='lat' dir='ltr'>vterus</span> <span class='ocrx_word' id='word_1_42' title='bbox 1100 543 1173 595; x_wconf 90' lang='lat' dir='ltr'>ipse</span> <span class='ocrx_word' id='word_1_43' title='bbox 1206 543 1311 582; x_wconf 89' lang='lat' dir='ltr'>mole</span> <span class='ocrx_word' id='word_1_44' title='bbox 1342 542 1425 582; x_wconf 87' lang='lat' dir='ltr'>feli-</span> 
     </span>
     <span class='ocr_line' id='line_1_7' title="bbox 131 604 1420 659; baseline -0.002 -12"><span class='ocrx_word' id='word_1_45' title='bbox 131 609 170 647; x_wconf 86' lang='lat' dir='ltr'>ni</span> <span class='ocrx_word' id='word_1_46' title='bbox 200 606 326 659; x_wconf 82' lang='lat' dir='ltr'>capitis</span> <span class='ocrx_word' id='word_1_47' title='bbox 355 604 531 656; x_wconf 84' lang='lat' dir='ltr'>spaericus</span> <span class='ocrx_word' id='word_1_48' title='bbox 563 606 781 658; x_wconf 75' lang='lat' dir='ltr'>apparebat,</span> <span class='ocrx_word' id='word_1_49' title='bbox 799 607 861 658; x_wconf 86' lang='lat' dir='ltr'>qui</span> <span class='ocrx_word' id='word_1_50' title='bbox 895 606 1049 646; x_wconf 78' lang='lat' dir='ltr'>discissus</span> <span class='ocrx_word' id='word_1_51' title='bbox 1079 607 1217 645; x_wconf 88' lang='lat' dir='ltr'>eodem</span> <span class='ocrx_word' id='word_1_52' title='bbox 1238 607 1358 644; x_wconf 87' lang='lat' dir='ltr'>modo</span> <span class='ocrx_word' id='word_1_53' title='bbox 1376 616 1420 644; x_wconf 82' lang='lat' dir='ltr'>ac</span> 
     </span>
     <span class='ocr_line' id='line_1_8' title="bbox 130 666 1419 722; baseline 0 -14"><span class='ocrx_word' id='word_1_54' title='bbox 130 670 263 721; x_wconf 74' lang='lat' dir='ltr'>vagina</span> <span class='ocrx_word' id='word_1_55' title='bbox 295 666 457 708; x_wconf 83' lang='lat' dir='ltr'>mucosus</span> <span class='ocrx_word' id='word_1_56' title='bbox 488 677 565 707; x_wconf 77' lang='lat' dir='ltr'>erat</span> <span class='ocrx_word' id='word_1_57' title='bbox 595 681 637 707; x_wconf 82' lang='lat' dir='ltr'>ac</span> <span class='ocrx_word' id='word_1_58' title='bbox 670 669 863 721; x_wconf 85' lang='lat' dir='ltr'>permultis</span> <span class='ocrx_word' id='word_1_59' title='bbox 897 669 999 720; x_wconf 88' lang='lat' dir='ltr'>plicis</span> <span class='ocrx_word' id='word_1_60' title='bbox 1033 675 1046 715; x_wconf 66' lang='grc' dir='ltr'>ξ</span> <span class='ocrx_word' id='word_1_61' title='bbox 1071 669 1250 722; x_wconf 86' lang='lat' dir='ltr'>pollicem</span> <span class='ocrx_word' id='word_1_62' title='bbox 1266 669 1341 708; x_wconf 79' lang='lat' dir='ltr'>latis</span> <span class='ocrx_word' id='word_1_63' title='bbox 1359 681 1419 708; x_wconf 86' lang='lat' dir='ltr'>ru·</span> 
     </span>
     <span class='ocr_line' id='line_1_9' title="bbox 129 722 1423 784; baseline 0 -13"><span class='ocrx_word' id='word_1_64' title='bbox 129 731 247 784; x_wconf 80' lang='lat' dir='ltr'>gosus,</span> <span class='ocrx_word' id='word_1_65' title='bbox 313 730 475 782; x_wconf 74' lang='lat' dir='ltr'>vaginae</span> <span class='ocrx_word' id='word_1_66' title='bbox 510 730 698 771; x_wconf 78' lang='lat' dir='ltr'>substantia</span> <span class='ocrx_word' id='word_1_67' title='bbox 729 732 824 770; x_wconf 77' lang='lat' dir='ltr'>adeo</span> <span class='ocrx_word' id='word_1_68' title='bbox 857 732 944 770; x_wconf 78' lang='lat' dir='ltr'>dura</span> <span class='ocrx_word' id='word_1_69' title='bbox 977 731 1058 779; x_wconf 86' lang='lat' dir='ltr'>est,</span> <span class='ocrx_word' id='word_1_70' title='bbox 1093 740 1136 770; x_wconf 87' lang='lat' dir='ltr'>vt</span> <span class='ocrx_word' id='word_1_71' title='bbox 1165 722 1272 782; x_wconf 78' lang='lat' dir='ltr'>aegre</span> <span class='ocrx_word' id='word_1_72' title='bbox 1305 743 1423 771; x_wconf 80' lang='lat' dir='ltr'>trans-</span> 
     </span>
     <span class='ocr_line' id='line_1_10' title="bbox 129 792 1423 847; baseline -0.001 -13"><span class='ocrx_word' id='word_1_73' title='bbox 129 794 264 834; x_wconf 85' lang='lat' dir='ltr'>verfim</span> <span class='ocrx_word' id='word_1_74' title='bbox 295 794 412 833; x_wconf 87' lang='lat' dir='ltr'>cultro</span> <span class='ocrx_word' id='word_1_75' title='bbox 442 792 611 833; x_wconf 77' lang='lat' dir='ltr'>diflecare</span> <span class='ocrx_word' id='word_1_76' title='bbox 642 794 844 847; x_wconf 84' lang='lat' dir='ltr'>potuerim.</span> <span class='ocrx_word' id='word_1_77' title='bbox 911 792 1134 845; x_wconf 72' lang='lat' dir='ltr'>Ligamenta</span> <span class='ocrx_word' id='word_1_78' title='bbox 1166 792 1262 831; x_wconf 81' lang='lat' dir='ltr'>vteri</span> <span class='ocrx_word' id='word_1_79' title='bbox 1303 802 1340 831; x_wconf 89' lang='lat' dir='ltr'>et</span> <span class='ocrx_word' id='word_1_80' title='bbox 1365 803 1423 833; x_wconf 88' lang='lat' dir='ltr'>tu-</span> 
     </span>
     <span class='ocr_line' id='line_1_11' title="bbox 129 854 1359 909; baseline -0.002 -12"><span class='ocrx_word' id='word_1_81' title='bbox 129 857 195 897; x_wconf 78' lang='lat' dir='ltr'>bae</span> <span class='ocrx_word' id='word_1_82' title='bbox 226 857 367 909; x_wconf 87' lang='lat' dir='ltr'>prorsus</span> <span class='ocrx_word' id='word_1_83' title='bbox 399 856 531 895; x_wconf 84' lang='lat' dir='ltr'>eadem</span> <span class='ocrx_word' id='word_1_84' title='bbox 553 889 563 907; x_wconf 89' lang='lat'>‚</span> <span class='ocrx_word' id='word_1_85' title='bbox 596 869 638 896; x_wconf 77' lang='lat' dir='ltr'>ac</span> <span class='ocrx_word' id='word_1_86' title='bbox 672 859 708 896; x_wconf 91' lang='lat' dir='ltr'>in</span> <span class='ocrx_word' id='word_1_87' title='bbox 742 858 843 909; x_wconf 86' lang='lat' dir='ltr'>equis</span> <span class='ocrx_word' id='word_1_88' title='bbox 861 888 872 907; x_wconf 83' lang='lat'>‚</span> <span class='ocrx_word' id='word_1_89' title='bbox 904 856 1077 895; x_wconf 60' lang='lat' dir='ltr'>structura</span> <span class='ocrx_word' id='word_1_90' title='bbox 1110 854 1359 895; x_wconf 75' lang='lat' dir='ltr'>occurrebant.</span> 
     </span>
     <span class='ocr_line' id='line_1_12' title="bbox 241 917 1426 972; baseline 0 -14"><span class='ocrx_word' id='word_1_91' title='bbox 241 919 343 958; x_wconf 83' lang='lat' dir='ltr'>Anus</span> <span class='ocrx_word' id='word_1_92' title='bbox 380 923 422 965; x_wconf 58' lang='grc' dir='ltr'>δὲ</span> <span class='ocrx_word' id='word_1_93' title='bbox 454 919 629 971; x_wconf 85' lang='lat' dir='ltr'>pollicem</span> <span class='ocrx_word' id='word_1_94' title='bbox 663 919 753 959; x_wconf 77' lang='lat' dir='ltr'>infra</span> <span class='ocrx_word' id='word_1_95' title='bbox 793 919 1006 972; x_wconf 82' lang='lat' dir='ltr'>pudendum</span> <span class='ocrx_word' id='word_1_96' title='bbox 1054 919 1136 958; x_wconf 79' lang='lat' dir='ltr'>situs</span> <span class='ocrx_word' id='word_1_97' title='bbox 1154 950 1165 970; x_wconf 87' lang='lat'>‚</span> <span class='ocrx_word' id='word_1_98' title='bbox 1217 917 1426 970; x_wconf 68' lang='lat' dir='ltr'>sphind&#39;tere</span> 
     </span>
     <span class='ocr_line' id='line_1_13' title="bbox 126 980 1419 1033; baseline -0.001 -11"><span class='ocrx_word' id='word_1_99' title='bbox 126 994 205 1022; x_wconf 83' lang='lat' dir='ltr'>non</span> <span class='ocrx_word' id='word_1_100' title='bbox 254 983 346 1022; x_wconf 83' lang='lat' dir='ltr'>adeo</span> <span class='ocrx_word' id='word_1_101' title='bbox 395 982 495 1021; x_wconf 64' lang='lat' dir='ltr'>arete</span> <span class='ocrx_word' id='word_1_102' title='bbox 525 981 679 1033; x_wconf 70' lang='lat' dir='ltr'>clauliis,</span> <span class='ocrx_word' id='word_1_103' title='bbox 711 983 751 1020; x_wconf 88' lang='lat' dir='ltr'>in</span> <span class='ocrx_word' id='word_1_104' title='bbox 791 982 976 1021; x_wconf 75' lang='lat' dir='ltr'>diametro</span> <span class='ocrx_word' id='word_1_105' title='bbox 1024 994 1067 1031; x_wconf 83' lang='lat'>4.</span> <span class='ocrx_word' id='word_1_106' title='bbox 1117 980 1269 1033; x_wconf 89' lang='lat' dir='ltr'>pollices</span> <span class='ocrx_word' id='word_1_107' title='bbox 1304 981 1419 1021; x_wconf 75' lang='lat' dir='ltr'>latus.</span> 
     </span>
     <span class='ocr_line' id='line_1_14' title="bbox 124 1043 1421 1096; baseline 0 -12"><span class='ocrx_word' id='word_1_108' title='bbox 124 1043 327 1096; x_wconf 74' lang='lat' dir='ltr'>Sphinc&#39;ter</span> <span class='ocrx_word' id='word_1_109' title='bbox 357 1045 530 1084; x_wconf 86' lang='lat' dir='ltr'>candidus</span> <span class='ocrx_word' id='word_1_110' title='bbox 559 1044 611 1083; x_wconf 89' lang='lat' dir='ltr'>est</span> <span class='ocrx_word' id='word_1_111' title='bbox 630 1077 640 1095; x_wconf 82' lang='lat'>,</span> <span class='ocrx_word' id='word_1_112' title='bbox 675 1044 826 1084; x_wconf 86' lang='lat' dir='ltr'>interior</span> <span class='ocrx_word' id='word_1_113' title='bbox 856 1052 982 1094; x_wconf 78' lang='lat' dir='ltr'>autem</span> <span class='ocrx_word' id='word_1_114' title='bbox 1001 1043 1156 1082; x_wconf 86' lang='lat' dir='ltr'>intestini</span> <span class='ocrx_word' id='word_1_115' title='bbox 1188 1043 1277 1082; x_wconf 68' lang='lat' dir='ltr'>recti</span> <span class='ocrx_word' id='word_1_116' title='bbox 1297 1045 1421 1084; x_wconf 81' lang='lat' dir='ltr'>tunica</span> 
     </span>
    </p>
   </div>
   <div class='ocr_carea' id='block_1_3' title="bbox 104 1105 1420 1222">
    <p class='ocr_par' dir='ltr' id='par_1_3' title="bbox 104 1105 1420 1222">
     <span class='ocr_line' id='line_1_15' title="bbox 121 1105 1420 1158; baseline 0 -13"><span class='ocrx_word' id='word_1_117' title='bbox 121 1107 248 1158; x_wconf 79' lang='lat' dir='ltr'>glabra</span> <span class='ocrx_word' id='word_1_118' title='bbox 270 1138 280 1157; x_wconf 87' lang='lat'>‚</span> <span class='ocrx_word' id='word_1_119' title='bbox 311 1106 487 1157; x_wconf 77' lang='lat' dir='ltr'>laeuigata</span> <span class='ocrx_word' id='word_1_120' title='bbox 508 1136 520 1156; x_wconf 92' lang='lat'><strong>‚</strong></span> <span class='ocrx_word' id='word_1_121' title='bbox 554 1106 670 1146; x_wconf 84' lang='lat' dir='ltr'>efusco</span> <span class='ocrx_word' id='word_1_122' title='bbox 702 1107 878 1155; x_wconf 67' lang='lat' dir='ltr'>olm-acea,</span> <span class='ocrx_word' id='word_1_123' title='bbox 909 1105 1041 1143; x_wconf 86' lang='lat' dir='ltr'>eadem</span> <span class='ocrx_word' id='word_1_124' title='bbox 1073 1117 1115 1143; x_wconf 84' lang='lat' dir='ltr'>ac</span> <span class='ocrx_word' id='word_1_125' title='bbox 1156 1105 1196 1142; x_wconf 89' lang='lat' dir='ltr'>in</span> <span class='ocrx_word' id='word_1_126' title='bbox 1233 1105 1332 1156; x_wconf 85' lang='lat' dir='ltr'>equis</span> <span class='ocrx_word' id='word_1_127' title='bbox 1360 1118 1420 1145; x_wconf 85' lang='lat' dir='ltr'>ra-</span> 
     </span>
     <span class='ocr_line' id='line_1_16' title="bbox 104 1165 1417 1222; baseline -0.001 -13"><span class='ocrx_word' id='word_1_128' title='bbox 104 1169 241 1220; x_wconf 58' lang='lat' dir='ltr'>tione,</span> <span class='ocrx_word' id='word_1_129' title='bbox 276 1167 339 1206; x_wconf 80' lang='lat' dir='ltr'>vbi</span> <span class='ocrx_word' id='word_1_130' title='bbox 371 1168 552 1206; x_wconf 87' lang='lat' dir='ltr'>interdum</span> <span class='ocrx_word' id='word_1_131' title='bbox 586 1168 687 1219; x_wconf 80' lang='lat' dir='ltr'>nigra</span> <span class='ocrx_word' id='word_1_132' title='bbox 705 1197 717 1218; x_wconf 85' lang='lat'>‚</span> <span class='ocrx_word' id='word_1_133' title='bbox 750 1167 935 1206; x_wconf 86' lang='lat' dir='ltr'>interdum</span> <span class='ocrx_word' id='word_1_134' title='bbox 967 1165 1046 1206; x_wconf 83' lang='lat' dir='ltr'>alba</span> <span class='ocrx_word' id='word_1_135' title='bbox 1077 1175 1115 1205; x_wconf 91' lang='lat' dir='ltr'>et</span> <span class='ocrx_word' id='word_1_136' title='bbox 1134 1165 1320 1222; x_wconf 12' lang='lat' dir='ltr'>‘maculosa</span> <span class='ocrx_word' id='word_1_137' title='bbox 1350 1167 1417 1208; x_wconf 79' lang='lat' dir='ltr'>est.</span> 
     </span>
    </p>
   </div>
   <div class='ocr_carea' id='block_1_4' title="bbox 232 1276 1300 1321">
    <p class='ocr_par' dir='ltr' id='par_1_4' title="bbox 232 1276 1300 1321">
     <span class='ocr_line' id='line_1_17' title="bbox 232 1276 1300 1321; baseline -0.002 -1"><span class='ocrx_word' id='word_1_138' title='bbox 232 1277 562 1321; x_wconf 87' lang='lat' dir='ltr'><strong>DESCRIPTIO</strong></span> <span class='ocrx_word' id='word_1_139' title='bbox 603 1277 991 1321; x_wconf 85' lang='lat' dir='ltr'><strong>INTERNARVM</strong></span> <span class='ocrx_word' id='word_1_140' title='bbox 1031 1276 1300 1321; x_wconf 83' lang='lat' dir='ltr'><strong>PARTIVM.</strong></span> 
     </span>
    </p>
   </div>
   <div class='ocr_carea' id='block_1_5' title="bbox 58 1372 1417 2175">
    <p class='ocr_par' dir='ltr' id='par_1_5' title="bbox 58 1372 1417 1989">
     <span class='ocr_line' id='line_1_18' title="bbox 232 1372 1417 1427; baseline 0.002 -14"><span class='ocrx_word' id='word_1_141' title='bbox 232 1372 368 1426; x_wconf 79' lang='lat' dir='ltr'>Capita</span> <span class='ocrx_word' id='word_1_142' title='bbox 398 1382 549 1426; x_wconf 84' lang='lat' dir='ltr'>quatuor</span> <span class='ocrx_word' id='word_1_143' title='bbox 579 1373 798 1414; x_wconf 80' lang='lat' dir='ltr'>animalium</span> <span class='ocrx_word' id='word_1_144' title='bbox 832 1374 954 1427; x_wconf 84' lang='lat' dir='ltr'>aperui</span> <span class='ocrx_word' id='word_1_145' title='bbox 984 1385 1026 1413; x_wconf 78' lang='lat' dir='ltr'>ac</span> <span class='ocrx_word' id='word_1_146' title='bbox 1060 1374 1229 1413; x_wconf 78' lang='lat' dir='ltr'>maxima</span> <span class='ocrx_word' id='word_1_147' title='bbox 1272 1374 1417 1415; x_wconf 85' lang='lat' dir='ltr'>adhibi-</span> 
     </span>
     <span class='ocr_line' id='line_1_19' title="bbox 118 1436 1415 1489; baseline 0.001 -15"><span class='ocrx_word' id='word_1_148' title='bbox 118 1443 157 1475; x_wconf 79' lang='lat' dir='ltr'>ta</span> <span class='ocrx_word' id='word_1_149' title='bbox 191 1437 356 1476; x_wconf 82' lang='lat' dir='ltr'>industria</span> <span class='ocrx_word' id='word_1_150' title='bbox 390 1436 548 1489; x_wconf 64' lang='lat' dir='ltr'>quaesiui</span> <span class='ocrx_word' id='word_1_151' title='bbox 580 1436 717 1488; x_wconf 77' lang='lat' dir='ltr'>lapides</span> <span class='ocrx_word' id='word_1_152' title='bbox 749 1449 944 1488; x_wconf 80' lang='lat' dir='ltr'>perperam</span> <span class='ocrx_word' id='word_1_153' title='bbox 996 1436 1042 1476; x_wconf 71' lang='lat' dir='ltr'>sic</span> <span class='ocrx_word' id='word_1_154' title='bbox 1075 1437 1195 1475; x_wconf 66' lang='lat' dir='ltr'>dieros</span> <span class='ocrx_word' id='word_1_155' title='bbox 1243 1437 1415 1487; x_wconf 75' lang='lat' dir='ltr'>manati,</span> 
     </span>
     <span class='ocr_line' id='line_1_20' title="bbox 121 1498 1416 1552; baseline 0.004 -17"><span class='ocrx_word' id='word_1_156' title='bbox 121 1506 262 1538; x_wconf 87' lang='lat' dir='ltr'>tantum</span> <span class='ocrx_word' id='word_1_157' title='bbox 294 1508 416 1539; x_wconf 82' lang='lat' dir='ltr'>autem</span> <span class='ocrx_word' id='word_1_158' title='bbox 454 1498 581 1548; x_wconf 81' lang='lat' dir='ltr'>abest,</span> <span class='ocrx_word' id='word_1_159' title='bbox 633 1507 676 1538; x_wconf 84' lang='lat' dir='ltr'>vt</span> <span class='ocrx_word' id='word_1_160' title='bbox 708 1499 770 1538; x_wconf 89' lang='lat' dir='ltr'>vel</span> <span class='ocrx_word' id='word_1_161' title='bbox 801 1499 1006 1538; x_wconf 90' lang='lat' dir='ltr'>minimum</span> <span class='ocrx_word' id='word_1_162' title='bbox 1058 1499 1247 1551; x_wconf 82' lang='lat' dir='ltr'>quidpiam</span> <span class='ocrx_word' id='word_1_163' title='bbox 1302 1499 1416 1552; x_wconf 83' lang='lat' dir='ltr'>lapidi</span> 
     </span>
     <span class='ocr_line' id='line_1_21' title="bbox 120 1560 1413 1613; baseline 0.002 -15"><span class='ocrx_word' id='word_1_164' title='bbox 120 1570 182 1598; x_wconf 73' lang='lat' dir='ltr'>aut</span> <span class='ocrx_word' id='word_1_165' title='bbox 214 1560 277 1600; x_wconf 84' lang='lat' dir='ltr'>offi</span> <span class='ocrx_word' id='word_1_166' title='bbox 310 1562 427 1601; x_wconf 78' lang='lat' dir='ltr'>simile</span> <span class='ocrx_word' id='word_1_167' title='bbox 459 1562 621 1601; x_wconf 87' lang='lat' dir='ltr'>inuenire</span> <span class='ocrx_word' id='word_1_168' title='bbox 654 1562 842 1613; x_wconf 86' lang='lat' dir='ltr'>potuerim</span> <span class='ocrx_word' id='word_1_169' title='bbox 865 1592 876 1612; x_wconf 87' lang='lat'>‚</span> <span class='ocrx_word' id='word_1_170' title='bbox 912 1571 954 1600; x_wconf 85' lang='lat' dir='ltr'>vt</span> <span class='ocrx_word' id='word_1_171' title='bbox 984 1562 1119 1600; x_wconf 86' lang='lat' dir='ltr'>exinde</span> <span class='ocrx_word' id='word_1_172' title='bbox 1170 1561 1413 1603; x_wconf 80' lang='lat' dir='ltr'>iudicauerim</span> 
     </span>
     <span class='ocr_line' id='line_1_22' title="bbox 121 1621 1411 1673; baseline 0.003 -13"><span class='ocrx_word' id='word_1_173' title='bbox 121 1621 183 1660; x_wconf 73' lang='lat' dir='ltr'>vel</span> <span class='ocrx_word' id='word_1_174' title='bbox 216 1623 288 1662; x_wconf 83' lang='lat' dir='ltr'>offa</span> <span class='ocrx_word' id='word_1_175' title='bbox 320 1623 382 1663; x_wconf 83' lang='lat' dir='ltr'>illa</span> <span class='ocrx_word' id='word_1_176' title='bbox 416 1636 491 1663; x_wconf 89' lang='lat' dir='ltr'>non</span> <span class='ocrx_word' id='word_1_177' title='bbox 525 1623 563 1662; x_wconf 89' lang='lat' dir='ltr'>in</span> <span class='ocrx_word' id='word_1_178' title='bbox 595 1623 768 1663; x_wconf 86' lang='lat' dir='ltr'>omnibus</span> <span class='ocrx_word' id='word_1_179' title='bbox 798 1624 982 1673; x_wconf 83' lang='lat' dir='ltr'>inueniri,</span> <span class='ocrx_word' id='word_1_180' title='bbox 1017 1624 1077 1663; x_wconf 78' lang='lat' dir='ltr'>vel</span> <span class='ocrx_word' id='word_1_181' title='bbox 1110 1624 1258 1663; x_wconf 78' lang='lat' dir='ltr'>inueniri</span> <span class='ocrx_word' id='word_1_182' title='bbox 1291 1624 1411 1664; x_wconf 83' lang='lat' dir='ltr'>saltim</span> 
     </span>
     <span class='ocr_line' id='line_1_23' title="bbox 117 1681 1413 1739; baseline 0.004 -18"><span class='ocrx_word' id='word_1_183' title='bbox 117 1681 179 1722; x_wconf 90' lang='lat' dir='ltr'>sub</span> <span class='ocrx_word' id='word_1_184' title='bbox 213 1685 318 1725; x_wconf 86' lang='lat' dir='ltr'>certis</span> <span class='ocrx_word' id='word_1_185' title='bbox 360 1686 563 1726; x_wconf 81' lang='lat' dir='ltr'>climatibus</span> <span class='ocrx_word' id='word_1_186' title='bbox 582 1716 594 1736; x_wconf 87' lang='lat'>‚</span> <span class='ocrx_word' id='word_1_187' title='bbox 632 1686 692 1726; x_wconf 82' lang='lat' dir='ltr'>vel</span> <span class='ocrx_word' id='word_1_188' title='bbox 722 1687 822 1739; x_wconf 90' lang='lat' dir='ltr'>quod</span> <span class='ocrx_word' id='word_1_189' title='bbox 853 1699 947 1727; x_wconf 80' lang='lat' dir='ltr'>vero</span> <span class='ocrx_word' id='word_1_190' title='bbox 978 1686 1128 1726; x_wconf 79' lang='lat' dir='ltr'>ssmilius</span> <span class='ocrx_word' id='word_1_191' title='bbox 1165 1685 1413 1726; x_wconf 65' lang='lat' dir='ltr'>Selii-&amp;derum</span> 
     </span>
     <span class='ocr_line' id='line_1_24' title="bbox 117 1746 1411 1798; baseline 0.002 -13"><span class='ocrx_word' id='word_1_192' title='bbox 117 1755 156 1784; x_wconf 85' lang='lat' dir='ltr'>et</span> <span class='ocrx_word' id='word_1_193' title='bbox 180 1746 271 1786; x_wconf 80' lang='lat' dir='ltr'>alios</span> <span class='ocrx_word' id='word_1_194' title='bbox 303 1747 377 1786; x_wconf 82' lang='lat' dir='ltr'>offa</span> <span class='ocrx_word' id='word_1_195' title='bbox 410 1747 500 1786; x_wconf 79' lang='lat' dir='ltr'>haec</span> <span class='ocrx_word' id='word_1_196' title='bbox 533 1748 627 1798; x_wconf 85' lang='lat' dir='ltr'>pilae</span> <span class='ocrx_word' id='word_1_197' title='bbox 660 1750 870 1788; x_wconf 81' lang='lat' dir='ltr'>manuariae</span> <span class='ocrx_word' id='word_1_198' title='bbox 909 1751 1029 1788; x_wconf 82' lang='lat' dir='ltr'>forma</span> <span class='ocrx_word' id='word_1_199' title='bbox 1079 1749 1316 1788; x_wconf 67' lang='lat' dir='ltr'>describentes</span> <span class='ocrx_word' id='word_1_200' title='bbox 1365 1757 1411 1787; x_wconf 83' lang='lat' dir='ltr'>vt</span> 
     </span>
     <span class='ocr_line' id='line_1_25' title="bbox 115 1808 1412 1862; baseline 0.003 -16"><span class='ocrx_word' id='word_1_201' title='bbox 115 1821 250 1860; x_wconf 78' lang='lat' dir='ltr'>parum</span> <span class='ocrx_word' id='word_1_202' title='bbox 284 1808 412 1848; x_wconf 86' lang='lat' dir='ltr'>curiofi</span> <span class='ocrx_word' id='word_1_203' title='bbox 442 1818 478 1848; x_wconf 88' lang='lat' dir='ltr'>et</span> <span class='ocrx_word' id='word_1_204' title='bbox 511 1808 613 1847; x_wconf 82' lang='lat' dir='ltr'>solidi</span> <span class='ocrx_word' id='word_1_205' title='bbox 644 1811 904 1861; x_wconf 80' lang='lat' dir='ltr'>compilatores</span> <span class='ocrx_word' id='word_1_206' title='bbox 934 1810 1093 1849; x_wconf 76' lang='lat' dir='ltr'>formam</span> <span class='ocrx_word' id='word_1_207' title='bbox 1128 1811 1220 1850; x_wconf 71' lang='lat' dir='ltr'>lunc</span> <span class='ocrx_word' id='word_1_208' title='bbox 1246 1810 1412 1862; x_wconf 70' lang='lat' dir='ltr'>analogia</span> 
     </span>
     <span class='ocr_line' id='line_1_26' title="bbox 114 1869 1404 1925; baseline 0.002 -15"><span class='ocrx_word' id='word_1_209' title='bbox 114 1871 244 1922; x_wconf 82' lang='lat' dir='ltr'>lapidis</span> <span class='ocrx_word' id='word_1_210' title='bbox 273 1869 488 1911; x_wconf 77' lang='lat' dir='ltr'>Bezoardici</span> <span class='ocrx_word' id='word_1_211' title='bbox 522 1870 667 1909; x_wconf 80' lang='lat' dir='ltr'>finxisse</span> <span class='ocrx_word' id='word_1_212' title='bbox 717 1873 911 1911; x_wconf 82' lang='lat' dir='ltr'>rotundam</span> <span class='ocrx_word' id='word_1_213' title='bbox 933 1904 943 1922; x_wconf 82' lang='lat'>,</span> <span class='ocrx_word' id='word_1_214' title='bbox 992 1885 1059 1912; x_wconf 82' lang='lat' dir='ltr'>nec</span> <span class='ocrx_word' id='word_1_215' title='bbox 1106 1884 1269 1925; x_wconf 71' lang='lat' dir='ltr'>vnquam</span> <span class='ocrx_word' id='word_1_216' title='bbox 1311 1885 1404 1923; x_wconf 80' lang='lat' dir='ltr'>quae</span> 
     </span>
     <span class='ocr_line' id='line_1_27' title="bbox 58 1932 1408 1989; baseline 0.002 -18"><span class='ocrx_word' id='word_1_217' title='bbox 58 1984 61 1989; x_wconf 23' lang='lat' dir='ltr'><em>r</em></span> <span class='ocrx_word' id='word_1_218' title='bbox 113 1932 358 1985; x_wconf 74' lang='lat' dir='ltr'>descripserint</span> <span class='ocrx_word' id='word_1_219' title='bbox 390 1933 463 1972; x_wconf 82' lang='lat' dir='ltr'>ossa</span> <span class='ocrx_word' id='word_1_220' title='bbox 504 1933 560 1971; x_wconf 68' lang='lat' dir='ltr'>stu</span> <span class='ocrx_word' id='word_1_221' title='bbox 593 1933 732 1984; x_wconf 75' lang='lat' dir='ltr'>lapides</span> <span class='ocrx_word' id='word_1_222' title='bbox 782 1935 919 1973; x_wconf 80' lang='lat' dir='ltr'>manati</span> <span class='ocrx_word' id='word_1_223' title='bbox 955 1936 1069 1974; x_wconf 87' lang='lat' dir='ltr'>oculis</span> <span class='ocrx_word' id='word_1_224' title='bbox 1115 1936 1270 1974; x_wconf 81' lang='lat' dir='ltr'>vidisse:</span> <span class='ocrx_word' id='word_1_225' title='bbox 1320 1934 1408 1975; x_wconf 81' lang='lat' dir='ltr'>hinc</span> 
     </span>
    </p>

    <p class='ocr_par' dir='ltr' id='par_1_6' title="bbox 111 1993 1406 2175">
     <span class='ocr_line' id='line_1_28' title="bbox 114 1993 1406 2048; baseline 0.002 -14"><span class='ocrx_word' id='word_1_226' title='bbox 114 1995 348 2048; x_wconf 82' lang='lat' dir='ltr'>intelligenda</span> <span class='ocrx_word' id='word_1_227' title='bbox 381 1995 502 2048; x_wconf 87' lang='lat' dir='ltr'>potius</span> <span class='ocrx_word' id='word_1_228' title='bbox 532 1993 605 2032; x_wconf 85' lang='lat' dir='ltr'>effe</span> <span class='ocrx_word' id='word_1_229' title='bbox 635 1995 709 2034; x_wconf 64' lang='lat' dir='ltr'>offa</span> <span class='ocrx_word' id='word_1_230' title='bbox 741 1996 982 2035; x_wconf 82' lang='lat' dir='ltr'>masticatoria</span> <span class='ocrx_word' id='word_1_231' title='bbox 1017 1998 1070 2036; x_wconf 78' lang='lat' dir='ltr'>leu</span> <span class='ocrx_word' id='word_1_232' title='bbox 1091 1997 1254 2036; x_wconf 82' lang='lat' dir='ltr'>dentium</span> <span class='ocrx_word' id='word_1_233' title='bbox 1276 1997 1406 2037; x_wconf 73' lang='lat' dir='ltr'>mzlffils</span> 
     </span>
     <span class='ocr_line' id='line_1_29' title="bbox 112 2056 1406 2111; baseline 0.003 -16"><span class='ocrx_word' id='word_1_234' title='bbox 112 2056 189 2096; x_wconf 79' lang='lat' dir='ltr'>illas</span> <span class='ocrx_word' id='word_1_235' title='bbox 220 2059 386 2098; x_wconf 84' lang='lat' dir='ltr'>candidas</span> <span class='ocrx_word' id='word_1_236' title='bbox 418 2059 454 2097; x_wconf 88' lang='lat' dir='ltr'>in</span> <span class='ocrx_word' id='word_1_237' title='bbox 488 2056 612 2109; x_wconf 76' lang='lat' dir='ltr'>palato</span> <span class='ocrx_word' id='word_1_238' title='bbox 644 2067 682 2096; x_wconf 88' lang='lat' dir='ltr'>et</span> <span class='ocrx_word' id='word_1_239' title='bbox 716 2058 1045 2097; x_wconf 75' lang='lat' dir='ltr'>maxi·lainferi01·i</span> <span class='ocrx_word' id='word_1_240' title='bbox 1078 2060 1327 2111; x_wconf 31' lang='lat' dir='ltr'>reperiunda&amp;</span> <span class='ocrx_word' id='word_1_241' title='bbox 1350 2061 1406 2099; x_wconf 83' lang='lat' dir='ltr'>id-</span> 
     </span>
     <span class='ocr_line' id='line_1_30' title="bbox 111 2118 1404 2175; baseline 0.002 -14"><span class='ocrx_word' id='word_1_242' title='bbox 111 2130 182 2172; x_wconf 81' lang='lat' dir='ltr'>que</span> <span class='ocrx_word' id='word_1_243' title='bbox 212 2132 260 2162; x_wconf 91' lang='lat' dir='ltr'>eo</span> <span class='ocrx_word' id='word_1_244' title='bbox 292 2121 536 2173; x_wconf 55' lang='lat' dir='ltr'>verisimilium,</span> <span class='ocrx_word' id='word_1_245' title='bbox 554 2132 628 2175; x_wconf 87' lang='lat' dir='ltr'>quo</span> <span class='ocrx_word' id='word_1_246' title='bbox 669 2121 785 2172; x_wconf 66' lang='lat' dir='ltr'>magis</span> <span class='ocrx_word' id='word_1_247' title='bbox 818 2118 957 2163; x_wconf 73' lang='lat' dir='ltr'>ClarissI</span> <span class='ocrx_word' id='word_1_248' title='bbox 985 2123 1057 2164; x_wconf 76' lang='lat' dir='ltr'>viri</span> <span class='ocrx_word' id='word_1_249' title='bbox 1074 2121 1178 2164; x_wconf 76' lang='lat' dir='ltr'>Sam.</span> <span class='ocrx_word' id='word_1_250' title='bbox 1216 2133 1295 2162; x_wconf 82' lang='lat' dir='ltr'>von</span> <span class='ocrx_word' id='word_1_251' title='bbox 1323 2122 1404 2163; x_wconf 77' lang='lat' dir='ltr'>Da-</span> 
     </span>
    </p>
   </div>
   <div class='ocr_carea' id='block_1_6' title="bbox 668 2183 1403 2239">
    <p class='ocr_par' dir='ltr' id='par_1_7' title="bbox 668 2183 1403 2239">
     <span class='ocr_line' id='line_1_31' title="bbox 668 2183 1403 2239; baseline -0.008 0"><span class='ocrx_word' id='word_1_252' title='bbox 668 2183 764 2239; x_wconf 79' lang='lat' dir='ltr'>Qq</span> <span class='ocrx_word' id='word_1_253' title='bbox 796 2196 821 2234; x_wconf 80' lang='lat'><strong>3</strong></span> <span class='ocrx_word' id='word_1_254' title='bbox 1366 2184 1403 2223; x_wconf 74' lang='lat'>10</span> 
     </span>
    </p>
   </div>
  </div>
 </body>
</html>
