1971 2700
503 215 591 254 216
783 209 1024 256 REMIGII
1058 203 1319 253 NOVITER
1354 202 1614 254 INVENTI

497 326 573 369 tiae
606 325 832 368 minuendae
865 327 984 379 gratia
1017 324 1198 365 adornata
1218 356 1228 376 ‚
1262 322 1395 377 absque
1428 321 1599 363 vlteriori
1631 321 1824 381 descripti·

498 403 576 432 one
611 390 842 444 intelligitur.
909 389 1049 430 Poterit
1082 400 1231 442 quoque
1265 389 1304 427 in
1339 385 1514 440 superiori
1558 396 1668 440 parte
1696 389 1823 443 palae,

498 465 606 496 extra
640 465 775 507 aquam
806 453 1004 493 constituta
1025 483 1036 501 ‚
1069 452 1225 492 maioris
1256 450 1449 491 firmitatis
1482 451 1599 505 gratia
1634 450 1826 494 brachium

501 517 681 571 adplicari
701 548 712 568 ,
744 515 846 568 quod
880 515 996 556 valuis
1028 514 1175 556 resistit.
1238 513 1344 556 Dico
1375 515 1562 556 eiusmodi
1604 526 1718 557 remo
1762 526 1830 569 pet

501 592 643 636 paucos
679 578 854 620 homines
887 591 1023 620 nauem
1056 579 1268 620 onerariam
1305 579 1431 619 multo
1463 578 1618 620 celerius
1650 588 1690 619 et
1719 576 1831 620 com4

507 643 658 686 modius
690 645 911 698 promoueri
948 640 1048 697 posse
1068 675 1078 694 ,
1112 655 1226 697 quam
1261 643 1400 683 eodem
1452 642 1709 697 operariorum
1759 654 1830 684 nu·

506 719 621 749 mero
652 707 836 748 consuetis
867 707 956 748 alias
989 707 1116 747 modis
1148 706 1320 748 adhibitis
1354 705 1434 747 fieri
1463 708 1558 748 licet.
1629 706 1736 748 Patet
1755 704 1831 748 hoc

506 772 650 826 partim
685 783 735 811 ex
767 770 892 812 modo
923 771 1032 812 dictis
1052 804 1062 824 ‚
1094 772 1234 825 partim
1267 782 1319 812 ex
1353 770 1544 813 subiuneto
1574 770 1717 812 calculo
1750 770 1832 811 eui-

508 835 659 877 dentius
692 833 884 875 elucescet.

623 899 658 948 §.
679 913 721 949 4.
759 897 867 940 Dum
903 900 1007 940 nauis
1039 901 1078 940 in
1112 911 1203 952 aqua
1236 910 1483 953 promouetur
1502 935 1513 954 ,
1546 901 1644 942 vires
1670 912 1832 943 mouen-

508 969 564 1003 tes
596 962 764 1016 aequales
797 960 874 1002 effe
907 963 1045 1003 debent
1079 962 1301 1003 resistentiae
1321 995 1332 1016 ‚
1368 977 1484 1018 quam
1537 967 1640 1006 nauis
1671 966 1709 1006 in
1741 975 1835 1018 aqua

507 1025 571 1067 sub
606 1035 714 1066 motu
757 1027 909 1079 patitur.
963 1023 1067 1066 Cum
1100 1027 1177 1066 iam
1213 1025 1305 1066 haec
1355 1027 1553 1069 resistentia
1603 1030 1763 1082 aequalis
1792 1027 1837 1069 fit

506 1090 578 1141 vi,
611 1102 724 1144 quam
759 1091 859 1130 nauis
891 1091 1083 1144 exciperet
1134 1089 1348 1130 immobilis
1369 1122 1380 1141 ,
1429 1090 1454 1131 st
1488 1091 1651 1131 flumem
1701 1092 1836 1133 eadem

507 1154 699 1193 celeritate
730 1154 768 1193 in
801 1165 936 1194 nauem
971 1155 1170 1194 incurreret
1191 1184 1201 1204 ,
1236 1166 1306 1205 qua
1339 1155 1441 1195 nauis
1482 1155 1702 1208 promoueri
1753 1154 1834 1210 sup-

509 1217 663 1271 ponitur
682 1249 692 1267 ,
727 1217 787 1256 vis
819 1217 879 1257 illa
910 1228 970 1256 ex·
994 1216 1135 1269 legibus
1165 1216 1390 1266 hydmulicis
1430 1219 1574 1270 poterit
1610 1219 1838 1259 determina-

509 1281 555 1321 ri.
622 1280 689 1321 Est
722 1281 825 1320 enim
860 1280 922 1321 illa
956 1280 1010 1319 vis
1045 1279 1340 1333 proportionalis
1372 1280 1552 1333 quadrato
1570 1281 1736 1321 celeritas
1768 1281 1837 1322 flu·

510 1345 623 1385 minis
653 1354 690 1384 et
724 1344 878 1397 aequalis
909 1344 1112 1384 columnae
1146 1355 1281 1397 aqueae
1314 1343 1389 1383 cius
1430 1343 1632 1385 altitudinis
1672 1356 1722 1384 ex
1764 1356 1838 1398 qua

509 1409 677 1449 celeritas
710 1407 771 1447 illa
806 1407 905 1461 lapsu
947 1405 1206 1461 proficiscitur.
1277 1405 1470 1447 Nolumus
1522 1406 1584 1448 hic
1634 1409 1837 1449 adtendere

510 1471 556 1512 ad
591 1471 853 1525 discrepantias
886 1471 933 1511 ab
965 1471 1033 1511 luc
1070 1470 1196 1524 regula
1216 1502 1227 1520 ,
1262 1481 1353 1524 quae
1387 1482 1437 1510 ex
1470 1470 1693 1513 cohaesione
1723 1483 1838 1525 aquae

511 1536 681 1576 oriuntur
700 1567 711 1586 ,
743 1547 833 1575 cum
868 1535 950 1575 illae
977 1535 1151 1576 nondum
1185 1533 1268 1574 fatis
1303 1535 1571 1575 determinatae
1603 1547 1641 1576 ct
1675 1548 1749 1589 pro
1768 1547 1840 1576 no-

513 1599 588 1639 stro
621 1599 735 1651 scopo
769 1600 836 1638 vix
871 1598 1152 1639 considerabiles
1183 1598 1264 1638 sint.
1350 1596 1520 1652 Cognito
1558 1600 1634 1640 iam
1687 1599 1837 1653 spatio,

512 1663 614 1716 quod
650 1674 786 1715 corpus
816 1675 928 1715 graue
961 1663 1131 1703 cadendo
1166 1662 1260 1703 intra
1296 1663 1483 1703 minutum
1536 1662 1736 1704 secundum
1771 1663 1837 1703 ab·

511 1725 621 1766 soluit
654 1728 874 1780 cognitaque
905 1727 1092 1772 celeritate
1126 1726 1288 1766 fluminis
1322 1727 1481 1767 altitudo
1525 1727 1583 1767 illa
1635 1728 1837 1768 columnae

513 1802 649 1844 aqueae
681 1792 820 1843 poterit
856 1792 1020 1843 reperiri.
1092 1790 1193 1830 Intra
1228 1792 1408 1844 exiguum
1444 1791 1547 1831 enim
1586 1801 1738 1846 tempus
1753 1803 1837 1832 cor-

514 1867 607 1907 pom
638 1855 810 1895 cadendo
842 1855 1073 1895 celeritatem
1107 1855 1304 1907 adquirunt
1324 1887 1334 1906 ‚
1367 1867 1438 1908 qua
1471 1857 1689 1896 continuato
1726 1864 1836 1895 motu

515 1918 610 1957 intra
643 1919 743 1958 idem
777 1930 929 1972 tempus
958 1917 1055 1958 casus
1087 1917 1245 1971 duplum
1289 1919 1490 1958 altitudinis
1541 1918 1698 1971 spatium
1753 1930 1837 1971 per-

515 1993 656 2020 currere
691 1983 849 2022 valcant.
920 1985 1108 2035 Adeoque
1145 1982 1170 2023 si
1205 1982 1301 2021 illam
1335 1982 1570 2030 dicamusc,
1603 1982 1834 2023 altitudintm

516 2045 718 2083 columnae
752 2058 890 2097 aqueae
924 2046 1192 2099 prementisx,
1226 2042 1384 2095 spatium
1418 2044 1626 2084 casusiutra
1668 2044 1834 2086 1‘sza

517 2108 604 2155 crit·
622 2119 670 2146 cx
708 2109 894 2159 principiis
928 2107 1155 2148 mechanicis
1178 2119 1196 2143 2
1213 2118 1344 2145 .ι·;ι·;·-
1363 2119 1399 2145 ι·;
1419 2119 1477 2147 za
1500 2110 1556 2148 vel
1578 2104 1831 2160 c'14azx.

518 2169 676 2212 quenta
709 2170 756 2212 fic
792 2170 986 2212 altitudine
1026 2170 1227 2211 columnae
1279 2183 1445 2224 aqueae,
1496 2185 1544 2214 ex
1577 2175 1668 2214 dato
1722 2174 1836 2225 plano

1670 2236 1834 2279 resisten-
