1971 2700
466 217 549 260 DE
576 210 847 262 NVMERIS
877 211 1202 264 PERFEcnS.
1426 227 1488 275 69

300 338 334 386 §.
353 348 395 386 4.
425 331 627 383 Numerus,
658 331 721 384 qui
754 329 819 371 suis
850 331 959 386 ipfius
992 333 1153 388 partibus
1186 332 1312 373 minor
1342 333 1412 385 est,
1442 337 1490 378 fi-

180 400 261 443 cuti
298 412 367 441 12.
403 399 500 440 cuius
529 405 651 451 partes
681 393 741 436 stu
772 395 943 437 diuiiores
1011 410 1030 435 1
1100 397 1167 439 fibi
1200 396 1316 438 additi
1365 398 1491 440 maio-

1007 473 1034 500 2

1006 539 1032 577 3

1004 602 1037 639 4

993 656 1025 691 6

983 748 1041 783 16

178 827 260 857 rem
292 823 488 854 numerum
523 812 760 867 producunt,
792 809 982 852 abundans
1012 807 1220 862 appellatur
1239 839 1251 861 ‚
1301 811 1484 864 quoniam

177 878 334 918 abundat
365 876 576 918 diuisoribus
607 886 646 917 et
677 887 810 917 eorum
843 874 965 930 plures
995 871 1138 926 habet,
1178 884 1293 928 quam
1324 873 1370 914 ad
1396 884 1486 915 eum

177 941 435 981 restituendum
468 942 707 995 requiruntur.

291 1005 499 1045 Diminutus
530 1015 656 1045 autem
678 1036 690 1056 ,
722 1004 785 1056 qui
819 1003 942 1043 maior
973 1001 1024 1041 est
1051 1000 1116 1040 suis
1147 1000 1311 1054 partibus
1342 1000 1488 1055 aliquo-

178 1067 222 1105 tis
254 1068 294 1106 in
324 1079 439 1106 vnam
473 1065 662 1106 summam
700 1066 894 1116 comestis,
941 1064 1054 1117 qualis
1081 1063 1134 1103 est
1183 1076 1361 1104 numerus
1416 1073 1488 1112 15.

179 1128 277 1168 cuius
293 1127 462 1172 diusssores
480 1127 537 1169 seu
554 1138 674 1182 partes
688 1126 807 1182 ipsum
827 1128 1027 1168 metientes
1046 1157 1056 1176 ,
1077 1126 1201 1178 quales
1217 1126 1297 1167 sunt
1318 1141 1337 1166 1
1362 1126 1486 1183 ipsum

1315 1204 1342 1241 3

1317 1265 1341 1304 5

1310 1361 1341 1396 9

174 1412 358 1454 restituere
393 1425 472 1453 non
503 1413 642 1455 valent.

287 1508 322 1557 §-
343 1519 384 1558 5.
418 1508 570 1549 Exinde
601 1509 786 1563 sequitur,
820 1507 966 1550 tametsi
1005 1510 1152 1549 numeri
1205 1506 1395 1548 cuiusdam
1427 1508 1484 1547 di-

171 1571 307 1612 visores
339 1585 408 1626 per
439 1572 624 1614 binarium
666 1573 840 1627 produsti
858 1605 869 1625 ‚
904 1581 942 1612 et
974 1571 1073 1614 haud
1127 1570 1294 1623 neglecta
1343 1570 1485 1610 vnitate

174 1634 214 1675 in
245 1648 362 1675 vnam
396 1637 583 1677 summam
613 1636 760 1677 collesti
780 1669 790 1689 ‚
824 1636 928 1676 illum
959 1636 1091 1676 εΧαέὶε
1126 1634 1311 1674 restituant
1332 1664 1343 1684 ‚
1393 1644 1483 1673 eum

175 1706 305 1738 tamen
339 1701 478 1740 tamdiu
509 1713 582 1753 pro
615 1699 782 1755 perfefto
816 1699 944 1740 haberi
978 1711 1055 1739 non
1088 1697 1186 1752 poffe
1207 1728 1218 1748 ,
1254 1697 1376 1736 donec
1395 1708 1485 1748 pro-

175 1759 279 1799 betur
295 1794 306 1811 ,
339 1761 444 1803 illum
464 1776 540 1803 non
559 1764 645 1804 alios
665 1797 675 1816 ,
695 1773 837 1817 praeter
853 1763 1032 1803 addustos
1049 1796 1060 1815 2
1077 1760 1272 1815 agnoscere
1297 1758 1484 1800 diuisores.

290 1821 347 1861 Sit
378 1837 413 1862 e.
449 1838 487 1875 g.
521 1827 623 1868 datus
654 1840 828 1869 numerus
866 1839 965 1866 120.
1020 1826 1047 1868 fi
1082 1824 1264 1865 diuidatur
1294 1835 1360 1877 per
1410 1833 1488 1874 po-

176 1884 322 1925 testates
353 1886 484 1927 binarii
681 1901 700 1927 1
863 1903 881 1927 1
895 1903 949 1927 20
1047 1899 1181 1929 omnes
1220 1885 1261 1926 hi
1311 1885 1484 1927 diuisores

679 1996 703 2020 2
858 1961 946 2022 ’ὦ

672 2057 704 2093 4
886 2054 942 2091 30

678 2113 700 2149 8
888 2121 905 2146 1
917 2118 938 2157 5

163 2171 233 2211 ‘60
254 2178 319 2218 -ὶ-
342 2181 399 2224 30
421 2178 487 2219 -ὶ-
511 2181 562 2223 15
585 2178 651 2219 -ἦ-
674 2177 695 2214 8
718 2178 915 2276 -1—14-1-
939 2184 962 2210 ς’.
983 2177 1049 2219 -4-
1074 2182 1093 2210 1
1132 2182 1221 2215 eum
1257 2170 1389 2215 exaeste
1425 2184 1483 2214 re-

830 2246 854 2284 3
1342 2238 1482 2278 ssituere
