1971 2700
533 220 618 271 146
733 219 814 262 DE
856 215 1303 264 EVAPORATIONE
1344 216 1437 260 EX
1481 217 1635 278 AQVA

523 333 562 375 in
602 333 677 376 olla
722 333 920 390 stagnabat.
985 333 1286 375 Phaenomcnon
1337 332 1412 374 hoc
1463 323 1684 387 paradbxon
1736 333 1841 372 vide-

523 395 555 438 ti
587 397 700 439 haud'
721 400 871 452 potuit,
902 411 991 439 cum
1026 399 1126 438 idem
1163 409 1231 451 per
1264 398 1434 451 vulgares
1466 395 1762 447 obseruationes,
1802 397 1845 436 li-

524 471 584 502 cet
615 463 786 503 nondum
818 461 950 503 exacte
984 460 1157 502 definitas
1197 462 1271 503 iam
1305 462 1447 502 dudum
1501 459 1687 501 constabat
1769 460 1844 502 Re-

524 524 638 565 dusta
667 525 804 566 deinde
835 525 881 566 ad
914 525 1161 579 aequilibrum
1195 525 1341 566 bilance
1361 559 1371 579 ,
1405 525 1662 566 obteruabamr

1074 595 1222 651 Temp.
1255 609 1316 652 aq.
1475 597 1618 648 Temp.
1656 597 1733 636 ae'r.

527 661 612 718 post
650 670 698 710 51
742 673 796 702 m.
833 674 889 716 pr.
956 682 974 692 ·
1041 686 1057 692 -
1121 684 1140 692 -
1204 663 1266 711 46
1329 683 1345 691 -
1413 683 1429 691 -
1493 685 1506 690 -
1574 663 1652 706 632

577 748 595 757 ·
645 729 702 773 63
741 745 1143 756 ······
1210 735 1268 775 47
1336 749 1353 756 ·
1415 748 1430 755 ·
1496 752 1514 758 -
1578 728 1655 774 63³,-
1718 750 1732 756 -
1799 732 1829 756 ·“

527 794 602 836 Hic
636 795 752 837 rursus
784 796 875 836 lanx
895 828 905 848 ,
939 796 978 836 in
1010 807 1082 850 qua
1118 794 1231 836 mass‘a
1272 807 1385 850 aquea
1426 796 1677 836 examinanda
1728 792 1849 838 ld'cata

530 869 607 901 etat
626 893 637 913 ,
672 859 916 902 descendebat
936 891 947 910 ,
981 859 1276 914 aequilibrioque
1309 860 1478 901 restituto
1509 858 1770 901 obici-nubatur

580 936 1835 982 -72---·--48---63:--

527 1003 1834 1047 ——95------52---63·,.--

532 1069 680 1112 Eadem
715 1084 802 1126 pars
834 1071 986 1112 bilancis
1018 1070 1219 1112 inclinabat
1240 1102 1251 1122 ‚
1285 1071 1489 1124 aequilibto
1521 1082 1650 1113 tamen
1684 1075 1855 1114 restituto

534 1145 633 1174 mox
682 1136 924 1187 eleuabatur,
973 1135 1112 1175 indicio
1152 1133 1468 1188 euaporationem
1520 1135 1602 1176 fieri
1653 1149 1705 1177 ex
1739 1136 1855 1178 massa

533 1208 650 1251 aqum
682 1199 940 1253 enaporationi
971 1197 1141 1252 exposita
1161 1230 1172 1249 ,
1204 1196 1331 1238 {altem
1362 1198 1523 1251 guttulas
1555 1200 1758 1253 parietibus
1791 1213 1854 1242 va-

533 1260 582 1301 sss·
608 1261 851 1304 adhaerentes
878 1274 967 1304 cum
999 1265 1086 1304 ae're
1117 1260 1310 1304 ambiente
1342 1260 1457 1302 rursus
1487 1263 1596 1303 uniri.

587 1347 795 1376 -10·
857 1358 874 1367 ·
939 1360 1006 1369 --
1074 1345 1284 1385 —--⁵⁵
1354 1360 1370 1368 ·
1441 1362 1455 1369 ·
1519 1341 1680 1385 4635
1741 1360 1759 1369 ·
1823 1359 1842 1370 ·

537 1406 612 1448 Hic
645 1350 828 1452 trgdecim
847 1421 958 1466 grana
977 1409 1266 1451 obseruabantur
1296 1408 1493 1461 recessisse,
1527 1423 1611 1465 pars
1628 1421 1755 1454 tamen
1773 1422 1858 1469 gut-

538 1469 698 1514 tularum
733 1476 824 1515 roris
856 1476 1071 1517 emularum
1105 1473 1328 1516 cernebatur
1358 1475 1396 1515 in
1430 1471 1626 1528 superficie
1659 1475 1750 1518 ollae
1775 1477 1860 1520 resi-

538 1535 621 1575 dua.
689 1537 783 1579 Erat

539 1608 625 1659 post
664 1620 748 1658 290
787 1623 845 1650 m.
878 1624 918 1664 p.
954 1633 971 1640 -
1005 1632 1022 1641 -
1053 1634 1070 1641 -
1110 1619 1165 1658 55
1204 1632 1220 1640 -
1254 1635 1270 1641 -
1303 1637 1316 1642 -
1353 1612 1430 1659 641
1467 1617 1534 1641 -'-
1567 1635 1580 1642 -
1640 1621 1679 1651 et
1731 1612 1859 1656 octua—

541 1669 644 1772 ξίηω
677 1673 838 1776 agnitoque
869 1686 981 1728 gmna
1017 1672 1260 1728 recesserant,
1300 1672 1466 1728 vasisque
1513 1671 1722 1729 superficies
1771 1677 1863 1719 sicca

563 1747 679 1788 ppare
708 1749 726 1777 a
749 1768 757 1777 .

545 1809 629 1862 Post
661 1820 750 1861 :330
816 1839 830 1846 -
898 1836 915 1845 ·
981 1838 998 1844 -
1059 1817 1117 1862 63
1185 1836 1202 1846 -
1268 1837 1285 1844 -
1350 1838 1366 1845 -
1397 1817 1475 1865 64¹.
1506 1837 1521 1845 ·
1555 1835 1572 1845 ·
1611 1836 1626 1846 ·
1666 1826 1747 1865 105
1770 1830 1827 1872 gr.

545 1881 744 1925 --358
815 1900 831 1908 -
897 1902 912 1910 ·
975 1904 992 1910 -
1057 1880 1115 1926 63
1183 1901 1201 1910 -
1263 1899 1281 1909 -
1349 1881 1830 1929 -641---125-.

549 1945 1830 1992 -·375···63-*-641—·-141·

550 2023 560 2028 -
613 2015 747 2051 -405
816 2027 833 2037 -
897 2030 915 2038 -
981 2028 998 2038 -
1062 2008 1120 2051 ⁶8
1187 2028 1205 2036 -
1266 2026 1286 2034 -
1349 2007 1456 2053 -65
1513 2025 1626 2034 ---
1666 2007 1831 2042 161--

550 2081 566 2092 ·
613 2073 751 2115 -438
819 2096 837 2102 -
902 2094 918 2100 -
985 2092 1000 2099 -
1063 2070 1121 2113 63
1191 2092 1208 2098 -
1273 2088 1291 2097 -
1352 2069 1459 2114 -63
1517 2093 1530 2099 -
1568 2087 1634 2099 --
1673 2080 1832 2120 194...

550 2146 566 2156 ·
614 2139 748 2178 -470
824 2153 841 2161 -
906 2159 918 2164 -
987 2157 1004 2161 -
1069 2133 1127 2176 63
1195 2153 1212 2161 -
1283 2158 1292 2159 ff
1358 2134 1463 2179 -65
1519 2143 1833 2184 ---224--

552 2208 568 2224 ·
621 2215 638 2221 -
674 2203 759 2240 500
825 2215 842 2226 -
905 2221 921 2227 -
990 2221 1004 2226 -
1070 2198 1145 2241 63:
1199 2215 1215 2224 -
1360 2219 1375 2224 -
1411 2198 1465 2244 65
1521 2218 1538 2228 ·
1572 2222 1584 2227 -
1623 2221 1638 2228 -
1676 2208 1837 2247 239--

1777 2275 1860 2316 535
