1971 2700
440 189 523 234 DE
554 188 763 231 Bfisms
796 177 1054 231 MARINISss.
1305 190 1393 240 :³79

98 306 251 357 euenit,
283 303 389 346 fimili
423 303 567 342 ratione
598 301 649 342 lac
682 299 884 352 effluebat,
917 300 970 340 ob
1002 299 1040 340 id
1074 308 1198 340 autem
1233 302 1334 353 quod
1355 302 1392 340 in

98 371 156 409 via
190 375 290 409 eram
321 375 357 407 et
388 366 479 405 circa
511 364 702 417 vesperam
736 364 857 416 pluuia
893 377 958 404 me
991 363 1249 416 impediebat,
1290 364 1396 404 absti-
1455 415 1461 419 .

98 444 185 471 nere
226 431 334 472 debu‘i
380 429 425 468 ab
456 428 624 468 vlteriori
663 427 928 480 inquifitione:
969 427 1115 480 potsunt
1165 435 1291 466 autem
1325 440 1395 466 cu-

98 495 182 534 riosi
213 496 250 534 in
282 491 402 535 Ruffia
436 490 530 531 hanc
561 491 664 530 viam
699 490 858 530 lacteam
909 490 1061 530 vlterius
1098 490 1136 529 in
1171 489 1304 542 phocis
1338 491 1395 529 in-

96 557 253 610 dagare,
284 555 443 596 similem
478 566 741 594 mammarum
773 554 880 595 situm
915 566 1003 594 cum
1036 553 1138 594 lutris
1155 552 1393 606 habentibus,

93 629 315 674 quapropter
343 628 381 658 et
411 617 571 657 indicare
602 617 723 676 volui.

207 682 376 724 Intestina
407 681 544 734 vbique
575 680 640 720 fibi
674 680 834 734 aequalia
866 680 976 732 sunt⁷
1025 694 1093 721 nec
1127 680 1164 720 in
1203 681 1311 721 craffii
1352 693 1395 721 ac

95 745 218 786 tenuia
250 744 356 786 diuisa
376 776 387 796 ,
419 745 562 784 ambitu
593 752 717 783 autem
749 744 861 796 longe
895 744 1042 783 maiora
1074 744 1156 782 sunt
1177 774 1188 793 ‚
1223 756 1335 795 quam
1355 746 1391 783 in

94 807 239 860 phoca,
270 809 353 848 vrso
383 818 421 847 et
454 807 559 847 leone
593 807 766 857 marino,
801 806 982 859 pollicem
1035 805 1245 846 admodum
1279 806 1393 845 libere

93 871 322 923 admittunt,
355 872 491 911 cancris
512 903 523 922 ‚
556 870 708 921 mytulis
729 902 739 921 ⁷
773 869 918 922 patellis
935 868 1179 909 refertissima.
1248 867 1393 908 Excre-

93 943 220 974 menta
257 934 445 976 ficciffima
476 935 555 974 sunt
573 966 584 986 ,
618 933 720 972 velut
752 933 883 972 canina
906 963 917 984 ‚
948 944 991 972 ac
1018 932 1208 984 congeries
1224 930 1304 973 sunt
1323 932 1396 971 ari-

91 998 228 1037 dorum
270 1008 306 1037 et
339 997 508 1037 dentibus
539 995 818 1037 confractorum
869 994 1186 1046 conchyliorum,
1235 1006 1391 1033 cancro-

91 1073 173 1100 rum
196 1092 206 1110 ,
239 1061 324 1100 testa
358 1060 472 1099 x-eluti
504 1060 610 1099 coita
643 1057 782 1098 rufescit
816 1059 853 1098 in
885 1057 1088 1098 intestinis:
1132 1057 1171 1095 in
1211 1057 1392 1097 intestinis

91 1123 217 1162 desunt
250 1134 358 1175 rugae
392 1131 429 1161 et
463 1122 627 1161 vnluulae
656 1122 895 1160 conniuentes
915 1151 925 1171 ‚
958 1119 1058 1158 deest
1090 1118 1229 1171 pariter
1248 1119 1394 1159 valuula

88 1185 162 1224 coli
181 1216 191 1236 ‚
221 1185 464 1223 destituuntur
493 1194 624 1221 coeco.
691 1182 812 1221 Totus
842 1181 1099 1221 intestinorum
1151 1181 1287 1221 traetus
1326 1183 1392 1222 de-

87 1259 170 1287 cem
205 1246 342 1286 vicibus
380 1243 532 1284 animali
579 1242 740 1296 longior.
804 1244 1078 1286 Mesenterium
1131 1243 1391 1296 pulcherrimo

85 1308 234 1360 aspec'tu
266 1306 387 1347 omnis
420 1307 563 1360 generis
593 1307 675 1346 vafil
707 1307 830 1349 offert.
901 1307 996 1348 vas-a
1046 1306 1163 1347 laetea
1194 1308 1232 1347 in
1265 1308 1391 1348 catulis

83 1372 279 1410 tenerrima
312 1379 350 1409 ct
383 1370 604 1409 creberrima
636 1369 743 1423 sunt,
774 1380 817 1411 vt
849 1371 885 1410 in
921 1371 1043 1424 phoca
1062 1403 1071 1421 ,
1105 1370 1202 1409 adest
1234 1370 1390 1423 glandu-

83 1432 116 1471 la
149 1446 318 1486 ptinere-„ts
350 1433 464 1473 Aselli
497 1433 594 1472 (lust-„1
627 1433 829 1487 disciffiquc
861 1434 916 1473 lac
950 1433 1080 1473 fundit.

196 1494 478 1550 Diaphragma,
497 1496 643 1536 trachea
665 1530 676 1547 ‚
709 1497 908 1550 pliarynx,
941 1506 985 1536 vt
1018 1497 1057 1536 in
1091 1496 1233 1550 phoca,
1254 1498 1389 1550 pariter

83 1570 126 1598 nc
161 1558 293 1611 pulmo
312 1591 323 1610 ‚
355 1561 508 1600 flaccida
542 1559 783 1600 caerulescens
803 1593 813 1612 ,
863 1560 988 1601 inflata
1020 1561 1112 1600 rosei
1139 1561 1274 1600 coloris
1318 1561 1382 1600 est.

86 1619 166 1661 Cor
197 1622 399 1674 conicum,
431 1622 596 1662 humano
628 1623 778 1664 similius
811 1636 921 1677 quam
964 1623 1108 1677 phocae
1128 1656 1138 1675 ‚
1189 1624 1387 1677 pinguedi-

83 1697 130 1723 ne
162 1685 266 1724 omni
298 1696 397 1726 caret
416 1719 426 1738 ‚
459 1686 598 1725 multos
630 1697 757 1728 autem
793 1687 965 1727 vasorum
998 1687 1226 1727 coronalium
1261 1700 1386 1727 ramu-

82 1747 138 1786 los
168 1747 288 1786 offert.
353 1748 526 1788 Auricula
556 1750 690 1789 dextra
723 1751 859 1791 sinistra
909 1752 1059 1802 maior,
1107 1751 1167 1789 sed
1217 1750 1383 1789 multum

83 1810 256 1861 tenuior,
289 1811 425 1850 interna
457 1811 577 1849 cordis
607 1811 781 1852 struCtum
800 1826 820 1852 a
841 1812 986 1864 phocae
1003 1813 1117 1852 corde
1135 1812 1378 1852 nihildiffert.

81 1872 268 1913 Foramen
301 1873 406 1913 ouale
439 1873 476 1910 in
510 1872 583 1912 hoc
614 1875 766 1915 animali
798 1875 954 1915 clausum
989 1875 1141 1928 reperi,
1179 1875 1382 1915 dudinsar-

80 1935 200 1975 teriofi
232 1935 381 1989 vestigia
415 1934 522 1974 nulla.
588 1933 754 1991 Contigit
786 1947 908 1978 autem
951 1947 993 1977 vt
1027 1938 1287 1989 Embryonem
1321 1940 1380 1978 vi-

81 2010 173 2037 vum
203 2010 222 2036 c
255 2010 371 2039 matre
404 1998 516 2038 occisa
550 1997 802 2040 exscindercm
828 2033 838 2051 ‚
870 2001 1009 2040 eodem
1043 2012 1240 2042 momento
1260 2033 1270 2051 ,
1303 2014 1378 2054 quo

79 2071 198 2100 mater
230 2061 273 2100 ad
305 2062 519 2102 enitendum
555 2072 702 2114 partum
738 2065 776 2103 in
808 2065 1059 2105 continentem
1091 2063 1123 2105 se
1141 2065 1348 2105 contulerat
1369 2097 1379 2117 ,

75 2136 115 2163 ac
149 2125 186 2163 in
219 2124 442 2176 Embryone
472 2126 594 2165 inueni
626 2126 819 2179 sequentia.

633 2188 666 2228 B
698 2191 721 2230 b
754 2191 777 2230 b
814 2204 836 2228 2
1259 2189 1372 2231 Glzin-
