1971 2700
513 197 593 250 DE
624 201 836 247 BESTHS
867 202 1141 249 MARuvlst
1392 215 1485 265 ιιι

296 313 621 359 DEscmPno
655 313 913 359 PARTIVM
947 317 1355 362 INTERNARVM.

288 411 364 454 Sub
396 421 478 456 cute
510 410 690 452 delitescit
724 412 938 464 panniculus
969 414 1163 468 adiposus‚
1200 414 1480 470 'totum'corpus

173 477 411 529 vndequaque
444 474 642 526 ambiens,
676 486 718 514 ac
753 476 1008 529 peripheriam
1042 479 1209 531 corporis
1242 491 1282 519 vt
1316 480 1353 520 in
1379 480 1483 534 pho-‘

172 553 215 580 ca
248 540 431 592 insiguiter
479 551 646 591 augens,
695 537 757 577 hic
792 541 1006 592 panniculus
1055 543 1092 582 iu
1125 542 1246 595 capite
1285 557 1321 582 1.
1361 544 1479 590 ferme

172 603 350 656 pollicem
382 603 420 642 in
451 601 559 642 dorio
591 612 630 641 et
661 601 803 656 reliquo
835 616 1020 657 corpore
1029 620 1071 656 4.
1093 605 1243 659 pollices
1262 607 1390 649 crassus
1406 608 1480 660 est,

169 665 467 721 candidiffimus,
492 665 537 706 in
556 658 733 729 foemellis
749 667 1001 721 gracilioribus
1021 669 1189 713 malculis
1210 675 1254 717 ΖΞ
1272 671 1476 730 pollicem

170 732 207 771 in
240 727 420 770 infantulis
450 741 577 769 recens
610 714 707 771 natis
741 736 781 770 8
818 729 933 769 lineas
965 732 1114 771 craffit'ie
1147 743 1293 785 aequ-it.

283 793 411 846 Adeps
440 790 574 854 horum
609 789 831 833 animalium
851 793 1044 833 consistens
1076 795 1114 833 in
1150 794 1287 835 cellulis
1313 806 1360 836 et
1379 797 1475 836 vefi'-

165 856 256 898 culis
285 856 496 897 reconditus
516 888 527 908 ‚
556 854 634 896 nbn
669 855 708 894 in
740 855 927 910 liquamen
959 857 1035 898 abit
1065 867 1108 898 vt
1139 844 1350 910 phocarum
1371 892 1382 913 ,
1416 859 1476 902 sed

166 922 310 961 assando
342 920 425 961 elici
458 920 568 960 debet
587 952 599 970 ,
648 918 837 959 seniorum
889 921 1085 973 pinguedo
1133 921 1336 975 refrigerata
1384 935 1476 964 con-

164 984 328 1039 gelatur,
362 996 404 1024 ae
437 983 541 1032 suillo
572 983 677 1035 adipi
710 982 838 1033 similis
867 984 993 1023 euadit
1011 991 1034 1037 ‚‘
1056 984 1242 1024 iuniorum
1263 999 1356 1026 vero
1374 985 1472 1027 olea-

164 1048 307 1099 ginosus
338 1058 374 1087 et
408 1046 563 1098 liquidus
598 1056 741 1086 manet.
801 1043 1001 1087 Seniorum
1061 1047 1307 1101 mastulorum
1362 1050 1474 1103 adeps

165 1121 202 1150 et
233 1122 320 1149 caro
351 1111 401 1150 ob
434 1110 469 1149 id
506 1106 767 1161 negliguntur,
800 1110 898 1160 quod
934 1119 1120 1158 veratrum
1156 1110 1301 1162 resipiat
1326 1110 1473 1165 hocque

161 1163 278 1212 odore
310 1173 387 1210 cito
421 1169 590 1209 nauseam
623 1170 792 1220 excitet,
824 1172 892 1210 vix
925 1168 1031 1211 enim
1079 1184 1172 1212 vnus
1219 1174 1397 1214 nostrum
1423 1175 1472 1216 ab

159 1236 233 1274 eius
265 1231 535 1274 commestione
567 1244 588 1271 a
622 1232 771 1272 vomitu
804 1243 844 1274 et
875 1236 1062 1288 appetitus
1094 1235 1257 1289 plenaria
1282 1237 1470 1279 deiec'tio-

155 1308 200 1341 ne
228 1297 324 1352 liber
356 1296 493 1351 euasit:
525 1294 784 1336 foemellarum
816 1307 944 1338 autem
977 1311 1065 1339 caro
1093 1300 1349 1341 delicatiffima
1388 1302 1471 1359 est,-

154 1372 337 1412 agnorum
370 1359 471 1399 carni
511 1370 550 1398 et
583 1359 800 1411 pinguedini
849 1363 974 1414 {iipore
1007 1362 1160 1415 fimilis,
1209 1365 1288 1403 cito
1337 1366 1466 1413 autem

155 1435 352 1468 rancorem
385 1422 601 1474 contrahit„
636 1435 704 1462 nec
733 1424 795 1464 diu
826 1423 954 1465 seruari
976 1459 978 1461 .
988 1426 1121 1479 potest.
1187 1425 1360 1479 Infiintuli
1378 1428 1468 1468 affir-

159 1474 188 1524 'ti
223 1485 463 1526 delicatiffimi
497 1485 573 1526 sunt
593 1518 603 1537 ,
640 1498 707 1526 nec
741 1500 762 1527 a
796 1489 971 1540 porcellis
1013 1489 1127 1530 affluis
1160 1490 1324 1530 multum
1346 1491 1467 1532 *diffie-

157 1558 273 1605 tunt,
310 1549 474 1604 mihique
507 1549 769 1590 obambulanti
799 1561 837 1591 et
871 1551 1031 1592 lustranti
1067 1552 1221 1593 insulam
1263 1552 1467 1606 gratiffimzi

155 1601 230 1651 esca
263 1611 400 1652 fuer-int
420 1645 430 1664 ,
479 1614 597 1654 vbiuis
626 1613 734 1654 obuia
754 1645 765 1665 ‚
813 1627 882 1663 nec
915 1616 979 1657 vel
1012 1617 1222 1657 minimum
1272 1617 1467 1687 aduersum

158 1675 313 1715 odorem
350 1675 497 1734 spirant.
1407 1699 1409 1701 ·

274 1731 426 1778 Cerebri
459 1738 623 1778 multum
666 1738 812 1794 habet'‚'
857 1755 900 1783 ac
949 1743 1065 1797 longe
1113 1744 1194 1798 plus
1242 1754 1464 1808 comparate

160 1812 273 1853 quam
323 1801 450 1853 lutra·
484 1801 572 1840 licet
604 1801 761 1842 animal
772 1804 888 1856 longe
923 1803 1097 1859 stupidius
1128 1817 1169 1847 et
1200 1808 1307 1848 fei-ius
1339 1808 1394 1849 sit.
1416 1797 1463 1860 In

156 1863 295 1904 cerebri
325 1862 501 1904 strutstura
537 1862 633 1902 nihil
664 1866 787 1905 inueni
821 1867 1011 1919 singulare.

270 1925 444 1978 Pharynx
476 1925 585 1966 valde
619 1928 797 1981 amplus,
831 1930 944 1969 intus
942 1931 1181 1974 membrana
1221 1933 1351 1988 rugosa
1383 1935 1464 1977 alba

156 1980 362 2030 obuestitus.
426 1988 674 2042 Ocsophagus
705 2002 745 2031 et
776 1994 1013 2043 ventriculus>
1047 1994 1158 2054 plane
1185 1998 1328 2056 talis,
1349 2000 1463 2054 qualis

155 2054 209 2094 in
226 2053 375 2124 phoca,
407 2054 447 2094 in
480 2048 554 2115 hoc
587 2053 684 2101 nihil
717 2055 781 2096 nifi
798 2055 930 2117 parum
964 2057 1079 2099 fuscae
1120 2061 1271 2113 spumae
1305 2062 1428 2103 inueni
1450 2095 1461 2115 ,

152 2117 323 2170 quamuis
354 2117 496 2157 Vtriculi
509 2108 639 2156 instar
670 2115 779 2158 valde
808 2116 960 2160 inflitus
977 2131 1083 2173 erat
1115 2122 1195 2163 vasa
1223 2124 1346 2176 breuia
1366 2138 1460 2177 vcn-

154 2180 274 2223 tticuli
305 2180 352 2223 ad
383 2192 498 2223 vnam
530 2171 668 2222 lineam
711 2179 814 2235 supra
863 2155 1108 2227 wentriculum
1158 2170 1253 2229 elata
1302 2189 1428 2228 inflata
1447 2218 1459 2239 ‚

707 2245 745 2287 V
776 2257 803 2285 v
835 2258 861 2297 3
1315 2249 1455 2306 stingui·
