1971 2700
723 268 875 325 (κς)

154 398 279 433 totum
329 389 431 430 diem
479 384 543 425 vel
590 383 738 438 longius
787 384 1028 427 interuallum
1071 387 1233 428 eundem
1276 386 1457 429 effectum

150 456 375 510 produceret
407 449 445 488 in
480 448 735 501 refrigerandis
769 459 808 490 et
841 449 1088 490 califaciendis
1120 464 1189 505 per
1219 452 1319 492 idem
1356 461 1457 492 tem-

149 531 220 572 pus
257 513 475 567 corporibus
514 523 558 551 ac
600 524 734 553 omnes
772 515 902 566 gradus
950 514 1081 555 diuersi
1125 514 1260 555 caloris
1291 515 1359 556 fibi
1389 526 1458 568 per

148 590 271 622 totum
314 579 414 618 diem
458 574 524 615 vel
560 574 706 628 longius
746 575 985 617 interuallum
1037 578 1283 618 succedentes.
1350 578 1456 619 Eum

147 645 186 685 in
205 641 321 682 finem
353 653 404 681 ex
422 640 497 693 legi
530 639 762 680 decrementi
794 640 925 680 caloris
957 650 1065 680 antea
1099 641 1203 692 data,
1239 643 1324 681 data
1356 651 1456 683 tem-

148 718 251 762 perie
293 704 398 745 fluidi
438 702 573 742 initiali
615 713 656 742 et
697 705 782 743 data
825 702 1015 755 temperie
1057 703 1228 742 eiusdem
1270 704 1457 746 diminuta

149 770 234 824 post
272 767 473 808 definitum
516 767 699 819 temporis
739 765 979 807 interuallum
999 797 1010 816 ,
1051 765 1194 805 dictam
1227 768 1457 817 temperiem

146 834 242 873 aeris
281 832 448 873 mediam
493 842 629 870 eruere
663 830 806 870 docuit.
871 829 925 869 Ft
965 829 1100 869 deinde
1140 827 1330 877 ostendit,
1361 839 1455 880 quo-

146 896 267 938 modo
299 907 415 949 aquae
449 893 589 934 calidae
622 894 761 946 pingens
793 892 941 943 moles,
980 893 1046 932 vel
1077 891 1229 931 feliciori
1261 903 1348 931 cum
1381 890 1457 931 suc-

144 958 246 999 ceffu
290 958 466 999 machina
505 969 558 997 ex
590 956 689 996 ferro
722 967 760 996 et
793 965 950 1010 argento
983 956 1076 996 viuo
1110 964 1238 1008 parata
1271 953 1357 994 huic
1388 952 1459 997 fini

143 1022 265 1076 aptari
296 1023 432 1062 debeat
463 1020 491 1059 fi
522 1021 569 1059 de
601 1021 724 1058 media
757 1019 946 1071 temperie
980 1020 1075 1058 a'e'ris
1107 1017 1340 1072 pei-longius
1358 1027 1456 1059 tem-

143 1086 247 1139 poris
288 1081 526 1123 interuallum
565 1082 753 1120 iudicium.
788 1082 985 1119 ferendum
1019 1081 1093 1120 est..

144 1201 190 1237 G.
221 1200 280 1235 W.
307 1197 582 1234 RiCHMANNL
619 1198 690 1235 DE·
711 1198 863 1235 MEDIA
890 1199 1177 1236 BAROMETRI
1204 1199 1455 1238 ALTlTVDL

165 1250 228 1288 NE
254 1248 481 1284 DEFINITO
515 1247 752 1285 TEMPORIS
792 1249 1105 1286 INTERVALLO
1138 1249 1438 1286 lNVENlENDA

140 1306 145 1344 l
179 1298 245 1337 ΕΤ
285 1296 536 1334 MACHINAE
572 1297 693 1333 HVIC
737 1298 846 1333 stl
880 1298 1146 1337 APTANDAE,
1172 1298 1428 1336 CONSTRV0-

141 1346 149 1351 “
504 1346 690 1383 CTlOth,
704 1347 1084 1386 COGI-TAOEIONESo.

142 1437 297 1541 Quid
330 1443 395 1484 fibi
427 1443 474 1483 de
508 1443 637 1484 studio
668 1445 985 1498 meteorologico:
1014 1443 1262 1499 perficiendo·
1290 1442 1450 1495 promit-

268 1517 349 1545 tant
383 1506 528 1557 Physici
563 1508 598 1546 id
632 1509 828 1546 neminem
862 1507 979 1557 latet,
1013 1507 1076 1558 qui
1109 1518 1245 1546 eorum
1280 1505 1454 1545 molimi-

141 1580 189 1608 na
228 1580 308 1609 tam
348 1571 530 1623 proxime
569 1569 695 1622 elapso
736 1581 848 1622 quam
880 1568 1071 1609 hodierno
1093 1601 1104 1619 ,
1146 1580 1223 1621 quo
1256 1568 1450 1620 viuimus,

141 1631 317 1684 saeculo,
357 1634 508 1686 cognita
548 1631 664 1673 habet
704 1644 747 1672 ac
789 1631 996 1685 perspecta.
1060 1629 1122 1683 Cl.
1157 1631 1450 1683 Richmannus,

143 1695 204 1747 qui
246 1706 346 1736 mter
382 1697 453 1736 alia
495 1704 534 1736 et
576 1695 651 1737 hoc
695 1695 903 1736 studiorum
942 1708 1057 1750 genus
1096 1694 1161 1736 fibi
1195 1694 1452 1735 excolendum

143 1758 296 1809 sumsit,
336 1761 546 1813 variisque,
586 1759 675 1812 quid
717 1758 788 1800 hac
832 1759 871 1798 in
911 1772 952 1799 re
994 1759 1144 1799 humeri
1183 1759 1234 1798 sui
1270 1757 1452 1809 valeant,

144 1819 292 1858 erudito
344 1822 426 1858 orbi
473 1824 548 1861 iam
587 1823 726 1862 dudum
776 1822 952 1862 testatum
1002 1823 1105 1862 dedit
1147 1821 1451 1874 experimentis,

144 1881 465 1934 propositionibus
502 1890 565 1921 aut
597 1885 799 1934 cogitatis,
840 1886 878 1923 in
912 1885 1031 1924 semel
1064 1895 1208 1936 coepto
1238 1883 1353 1922 stadio
1385 1882 1451 1921 de-

144 1955 293 1983 currere
335 1956 492 1996 pergens
511 1976 520 1994 ,
562 1955 702 1983 nouam
740 1946 964 1986 methodum
1006 1947 1192 1998 proponit
1211 1978 1221 1996 ,
1254 1944 1451 1996 quomodo

145 2018 282 2046 omnes
312 2008 406 2046 a'e'ris
440 2006 641 2060 pressiones
680 2006 746 2047 fibi
779 2017 884 2046 certo
925 2008 1113 2060 temporis
1152 2007 1344 2048 interuallo
1376 2009 1453 2048 suc·

145 2071 319 2109 cedentes
358 2070 394 2108 in
429 2083 546 2110 vnam
586 2070 775 2111 summam
818 2070 968 2123 colligi,
1000 2072 1121 2126 sicque
1151 2072 1300 2111 mediae
1342 2072 1452 2111 baro-

146 2134 261 2172 metri
293 2132 530 2187 altitudines,
562 2134 674 2188 longe
708 2134 876 2175 exaffius
908 2147 1021 2189 quam
1056 2145 1163 2175 antea
1182 2134 1317 2175 firc'tum
1338 2168 1348 2186 ,
1384 2135 1451 2173 de-

145 2193 244 2236 finiri
276 2196 425 2251 possint.

1301 2259 1447 2309 Propo-
