<?xml version="1.0" encoding="UTF-8"?>
<!DOCTYPE html PUBLIC "-//W3C//DTD XHTML 1.0 Transitional//EN"
    "http://www.w3.org/TR/xhtml1/DTD/xhtml1-transitional.dtd">
<html xmlns="http://www.w3.org/1999/xhtml" xml:lang="en" lang="en">
 <head>
  <title>
</title>
<meta http-equiv="Content-Type" content="text/html;charset=utf-8" />
  <meta name='ocr-system' content='tesseract 3.04.00' />
  <meta name='ocr-capabilities' content='ocr_page ocr_carea ocr_par ocr_line ocrx_word'/>
</head>
<body>
  <div class='ocr_page' id='page_1' title='image "./novicommentariac02impe_0389.png"; bbox 0 0 1971 2700; ppageno 0'>
   <div class='ocr_carea' id='block_1_1' title="bbox 454 199 1425 253">
    <p class='ocr_par' dir='ltr' id='par_1_1' title="bbox 454 199 1425 253">
     <span class='ocr_line' id='line_1_1' title="bbox 454 199 1425 253; baseline -0.004 -9"><span class='ocrx_word' id='word_1_1' title='bbox 454 201 535 244; x_wconf 88' lang='lat' dir='ltr'>DE</span> <span class='ocrx_word' id='word_1_2' title='bbox 565 199 770 244; x_wconf 80' lang='lat' dir='ltr'><strong><em>BESTIIS</em></strong></span> <span class='ocrx_word' id='word_1_3' title='bbox 802 199 1068 245; x_wconf 82' lang='lat' dir='ltr'><em>MARINIS.</em></span> <span class='ocrx_word' id='word_1_4' title='bbox 1338 215 1425 253; x_wconf 72' lang='lat'>353</span> 
     </span>
    </p>
   </div>
   <div class='ocr_carea' id='block_1_2' title="bbox 126 311 1438 1004">
    <p class='ocr_par' dir='ltr' id='par_1_2' title="bbox 126 311 1438 1004">
     <span class='ocr_line' id='line_1_2' title="bbox 127 311 1434 373; baseline -0.002 -17"><span class='ocrx_word' id='word_1_5' title='bbox 127 316 244 370; x_wconf 88' lang='lat' dir='ltr'>pebat</span> <span class='ocrx_word' id='word_1_6' title='bbox 277 314 380 373; x_wconf 70' lang='lat' dir='ltr'>instar</span> <span class='ocrx_word' id='word_1_7' title='bbox 426 314 566 359; x_wconf 80' lang='lat' dir='ltr'>vermis</span> <span class='ocrx_word' id='word_1_8' title='bbox 607 312 759 367; x_wconf 87' lang='lat' dir='ltr'>supplex</span> <span class='ocrx_word' id='word_1_9' title='bbox 792 313 838 353; x_wconf 77' lang='lat' dir='ltr'>ad</span> <span class='ocrx_word' id='word_1_10' title='bbox 873 312 985 366; x_wconf 84' lang='lat' dir='ltr'>pedes</span> <span class='ocrx_word' id='word_1_11' title='bbox 1017 311 1166 352; x_wconf 78' lang='lat' dir='ltr'>masculi</span> <span class='ocrx_word' id='word_1_12' title='bbox 1185 346 1196 365; x_wconf 81' lang='lat'>‚</span> <span class='ocrx_word' id='word_1_13' title='bbox 1247 312 1434 354; x_wconf 82' lang='lat' dir='ltr'>exoscula-</span> 
     </span>
     <span class='ocr_line' id='line_1_3' title="bbox 126 375 1434 431; baseline -0.002 -11"><span class='ocrx_word' id='word_1_14' title='bbox 126 380 232 420; x_wconf 78' lang='lat' dir='ltr'>batur</span> <span class='ocrx_word' id='word_1_15' title='bbox 265 391 307 419; x_wconf 88' lang='lat' dir='ltr'>ac</span> <span class='ocrx_word' id='word_1_16' title='bbox 338 378 517 429; x_wconf 80' lang='lat' dir='ltr'><strong>lacrymas</strong></span> <span class='ocrx_word' id='word_1_17' title='bbox 546 379 642 418; x_wconf 87' lang='lat' dir='ltr'>adeo</span> <span class='ocrx_word' id='word_1_18' title='bbox 675 377 790 429; x_wconf 71' lang='lat' dir='ltr'>largas</span> <span class='ocrx_word' id='word_1_19' title='bbox 823 375 1068 431; x_wconf 81' lang='lat' dir='ltr'>profundebat</span> <span class='ocrx_word' id='word_1_20' title='bbox 1088 407 1101 427; x_wconf 89' lang='lat'>,</span> <span class='ocrx_word' id='word_1_21' title='bbox 1152 386 1193 416; x_wconf 81' lang='lat' dir='ltr'>vt</span> <span class='ocrx_word' id='word_1_22' title='bbox 1234 377 1354 417; x_wconf 78' lang='lat' dir='ltr'>veluti</span> <span class='ocrx_word' id='word_1_23' title='bbox 1386 389 1434 417; x_wconf 83' lang='lat' dir='ltr'>ex</span> 
     </span>
     <span class='ocr_line' id='line_1_4' title="bbox 131 441 1436 494; baseline -0.002 -11"><span class='ocrx_word' id='word_1_24' title='bbox 131 443 318 484; x_wconf 80' lang='lat' dir='ltr'>alembico</span> <span class='ocrx_word' id='word_1_25' title='bbox 349 441 546 494; x_wconf 69' lang='lat' dir='ltr'>inpetitus</span> <span class='ocrx_word' id='word_1_26' title='bbox 578 442 788 492; x_wconf 84' lang='lat' dir='ltr'>stillarent,</span> <span class='ocrx_word' id='word_1_27' title='bbox 834 441 993 493; x_wconf 80' lang='lat' dir='ltr'>illudque</span> <span class='ocrx_word' id='word_1_28' title='bbox 1042 449 1168 480; x_wconf 89' lang='lat' dir='ltr'>totum</span> <span class='ocrx_word' id='word_1_29' title='bbox 1222 441 1436 481; x_wconf 81' lang='lat' dir='ltr'>madeface-</span> 
     </span>
     <span class='ocr_line' id='line_1_5' title="bbox 132 503 1436 558; baseline 0 -13"><span class='ocrx_word' id='word_1_30' title='bbox 132 514 243 546; x_wconf 87' lang='lat' dir='ltr'>rent:</span> <span class='ocrx_word' id='word_1_31' title='bbox 274 504 343 545; x_wconf 89' lang='lat' dir='ltr'>Ille</span> <span class='ocrx_word' id='word_1_32' title='bbox 374 516 471 544; x_wconf 87' lang='lat' dir='ltr'>vero</span> <span class='ocrx_word' id='word_1_33' title='bbox 501 503 589 545; x_wconf 91' lang='lat' dir='ltr'>hinc</span> <span class='ocrx_word' id='word_1_34' title='bbox 624 506 710 544; x_wconf 85' lang='lat' dir='ltr'>inde</span> <span class='ocrx_word' id='word_1_35' title='bbox 743 503 962 558; x_wconf 78' lang='lat' dir='ltr'>spatiabatur</span> <span class='ocrx_word' id='word_1_36' title='bbox 1009 505 1189 544; x_wconf 85' lang='lat' dir='ltr'>continue</span> <span class='ocrx_word' id='word_1_37' title='bbox 1239 503 1436 546; x_wconf 90' lang='lat' dir='ltr'>fremendo</span> 
     </span>
     <span class='ocr_line' id='line_1_6' title="bbox 130 566 1434 621; baseline 0 -13"><span class='ocrx_word' id='word_1_38' title='bbox 130 578 170 609; x_wconf 87' lang='lat' dir='ltr'>et</span> <span class='ocrx_word' id='word_1_39' title='bbox 201 567 325 609; x_wconf 89' lang='lat' dir='ltr'>oculos</span> <span class='ocrx_word' id='word_1_40' title='bbox 363 566 589 608; x_wconf 83' lang='lat' dir='ltr'>horribiliter</span> <span class='ocrx_word' id='word_1_41' title='bbox 639 569 832 608; x_wconf 80' lang='lat' dir='ltr'>monendo</span> <span class='ocrx_word' id='word_1_42' title='bbox 853 601 864 620; x_wconf 75' lang='lat'><em>⁷</em></span> <span class='ocrx_word' id='word_1_43' title='bbox 912 578 1023 621; x_wconf 82' lang='lat' dir='ltr'>caput</span> <span class='ocrx_word' id='word_1_44' title='bbox 1055 568 1102 608; x_wconf 84' lang='lat' dir='ltr'>ab</span> <span class='ocrx_word' id='word_1_45' title='bbox 1137 580 1214 607; x_wconf 83' lang='lat' dir='ltr'>vno</span> <span class='ocrx_word' id='word_1_46' title='bbox 1249 567 1364 608; x_wconf 84' lang='lat' dir='ltr'>latere</span> <span class='ocrx_word' id='word_1_47' title='bbox 1397 568 1434 608; x_wconf 89' lang='lat' dir='ltr'>in</span> 
     </span>
     <span class='ocr_line' id='line_1_7' title="bbox 129 629 1438 685; baseline 0.001 -13"><span class='ocrx_word' id='word_1_48' title='bbox 129 631 226 672; x_wconf 82' lang='lat' dir='ltr'>aliud</span> <span class='ocrx_word' id='word_1_49' title='bbox 258 629 421 671; x_wconf 78' lang='lat' dir='ltr'>vlsorum</span> <span class='ocrx_word' id='word_1_50' title='bbox 455 644 562 672; x_wconf 90' lang='lat' dir='ltr'>more</span> <span class='ocrx_word' id='word_1_51' title='bbox 597 633 780 685; x_wconf 84' lang='lat' dir='ltr'>quatiebat</span> <span class='ocrx_word' id='word_1_52' title='bbox 800 665 810 683; x_wconf 83' lang='lat'>‚</span> <span class='ocrx_word' id='word_1_53' title='bbox 845 632 1026 681; x_wconf 76' lang='lat' dir='ltr'>tandem,</span> <span class='ocrx_word' id='word_1_54' title='bbox 1062 643 1151 671; x_wconf 90' lang='lat' dir='ltr'>cum</span> <span class='ocrx_word' id='word_1_55' title='bbox 1185 644 1358 672; x_wconf 84' lang='lat' dir='ltr'>noscum</span> <span class='ocrx_word' id='word_1_56' title='bbox 1377 645 1438 673; x_wconf 82' lang='lat' dir='ltr'>ca-</span> 
     </span>
     <span class='ocr_line' id='line_1_8' title="bbox 133 693 1438 751; baseline 0.002 -17"><span class='ocrx_word' id='word_1_57' title='bbox 133 695 216 735; x_wconf 85' lang='lat' dir='ltr'>tulis</span> <span class='ocrx_word' id='word_1_58' title='bbox 246 694 402 736; x_wconf 83' lang='lat' dir='ltr'>abituros</span> <span class='ocrx_word' id='word_1_59' title='bbox 433 695 579 735; x_wconf 85' lang='lat' dir='ltr'>videret</span> <span class='ocrx_word' id='word_1_60' title='bbox 598 727 609 748; x_wconf 84' lang='lat'>,</span> <span class='ocrx_word' id='word_1_61' title='bbox 641 696 750 736; x_wconf 76' lang='lat' dir='ltr'>simili</span> <span class='ocrx_word' id='word_1_62' title='bbox 787 708 897 734; x_wconf 79' lang='lat' dir='ltr'>more</span> <span class='ocrx_word' id='word_1_63' title='bbox 933 705 974 734; x_wconf 59' lang='grc' dir='ltr'>γε</span> <span class='ocrx_word' id='word_1_64' title='bbox 1009 693 1183 734; x_wconf 78' lang='lat' dir='ltr'>focmclla</span> <span class='ocrx_word' id='word_1_65' title='bbox 1216 696 1310 735; x_wconf 84' lang='lat' dir='ltr'>adeo</span> <span class='ocrx_word' id='word_1_66' title='bbox 1328 695 1438 751; x_wconf 46' lang='lat' dir='ltr'>largi&gt;-</span> 
     </span>
     <span class='ocr_line' id='line_1_9' title="bbox 133 757 1438 811; baseline 0.002 -14"><span class='ocrx_word' id='word_1_67' title='bbox 133 768 189 798; x_wconf 90' lang='lat' dir='ltr'>ter</span> <span class='ocrx_word' id='word_1_68' title='bbox 220 757 476 810; x_wconf 80' lang='lat' dir='ltr'>lacrymabat,</span> <span class='ocrx_word' id='word_1_69' title='bbox 509 768 553 799; x_wconf 86' lang='lat' dir='ltr'>vt</span> <span class='ocrx_word' id='word_1_70' title='bbox 585 769 708 798; x_wconf 86' lang='lat' dir='ltr'>totum</span> <span class='ocrx_word' id='word_1_71' title='bbox 742 757 870 811; x_wconf 69' lang='lat' dir='ltr'>pectus</span> <span class='ocrx_word' id='word_1_72' title='bbox 901 757 946 796; x_wconf 81' lang='lat' dir='ltr'>ad</span> <span class='ocrx_word' id='word_1_73' title='bbox 979 758 1093 809; x_wconf 83' lang='lat' dir='ltr'>pedes</span> <span class='ocrx_word' id='word_1_74' title='bbox 1126 768 1243 810; x_wconf 70' lang='lat' dir='ltr'>Vsque</span> <span class='ocrx_word' id='word_1_75' title='bbox 1262 759 1438 808; x_wconf 82' lang='lat' dir='ltr'>lacrymis</span> 
     </span>
     <span class='ocr_line' id='line_1_10' title="bbox 131 819 1437 876; baseline -0.001 -15"><span class='ocrx_word' id='word_1_76' title='bbox 131 820 349 873; x_wconf 73' lang='lat' dir='ltr'>inundaret,</span> <span class='ocrx_word' id='word_1_77' title='bbox 381 822 476 875; x_wconf 92' lang='lat' dir='ltr'>quod</span> <span class='ocrx_word' id='word_1_78' title='bbox 510 831 548 862; x_wconf 84' lang='lat' dir='ltr'>et</span> <span class='ocrx_word' id='word_1_79' title='bbox 582 822 663 876; x_wconf 88' lang='lat' dir='ltr'>post</span> <span class='ocrx_word' id='word_1_80' title='bbox 695 823 820 875; x_wconf 72' lang='lat' dir='ltr'>grauii</span> <span class='ocrx_word' id='word_1_81' title='bbox 855 820 997 860; x_wconf 62' lang='lat' dir='ltr'>inflicta</span> <span class='ocrx_word' id='word_1_82' title='bbox 1029 820 1182 860; x_wconf 81' lang='lat' dir='ltr'>vulnera</span> <span class='ocrx_word' id='word_1_83' title='bbox 1222 819 1437 873; x_wconf 84' lang='lat' dir='ltr'>contingit,</span> 
     </span>
     <span class='ocr_line' id='line_1_11' title="bbox 130 882 1438 938; baseline 0.001 -15"><span class='ocrx_word' id='word_1_84' title='bbox 130 884 194 924; x_wconf 87' lang='lat' dir='ltr'>vel</span> <span class='ocrx_word' id='word_1_85' title='bbox 223 884 305 937; x_wconf 92' lang='lat' dir='ltr'>post</span> <span class='ocrx_word' id='word_1_86' title='bbox 322 898 475 938; x_wconf 86' lang='lat' dir='ltr'>grauem</span> <span class='ocrx_word' id='word_1_87' title='bbox 495 885 661 926; x_wconf 78' lang='lat' dir='ltr'>illatam</span> <span class='ocrx_word' id='word_1_88' title='bbox 653 885 853 936; x_wconf 65' lang='lat' dir='ltr'>iniuriam,</span> <span class='ocrx_word' id='word_1_89' title='bbox 888 897 1001 938; x_wconf 73' lang='lat' dir='ltr'>quam</span> <span class='ocrx_word' id='word_1_90' title='bbox 1036 882 1159 923; x_wconf 86' lang='lat' dir='ltr'>vlcisci</span> <span class='ocrx_word' id='word_1_91' title='bbox 1180 883 1317 938; x_wconf 88' lang='lat' dir='ltr'>nequit.</span> <span class='ocrx_word' id='word_1_92' title='bbox 1353 883 1438 924; x_wconf 90' lang='lat' dir='ltr'>Ob-</span> 
     </span>
     <span class='ocr_line' id='line_1_12' title="bbox 129 946 1150 1004; baseline -0.002 -17"><span class='ocrx_word' id='word_1_93' title='bbox 129 946 264 988; x_wconf 87' lang='lat' dir='ltr'>seruaui</span> <span class='ocrx_word' id='word_1_94' title='bbox 295 948 434 1002; x_wconf 87' lang='lat' dir='ltr'>phocas</span> <span class='ocrx_word' id='word_1_95' title='bbox 465 960 591 1004; x_wconf 82' lang='lat' dir='ltr'>captas</span> <span class='ocrx_word' id='word_1_96' title='bbox 623 949 732 990; x_wconf 87' lang='lat' dir='ltr'>smili</span> <span class='ocrx_word' id='word_1_97' title='bbox 766 949 909 987; x_wconf 78' lang='lat' dir='ltr'>ratione</span> <span class='ocrx_word' id='word_1_98' title='bbox 940 947 1150 999; x_wconf 65' lang='lat' dir='ltr'>1221crym1ri.</span> 
     </span>
    </p>
   </div>
   <div class='ocr_carea' id='block_1_3' title="bbox 125 1073 1442 2262">
    <p class='ocr_par' dir='ltr' id='par_1_3' title="bbox 125 1073 1442 2200">
     <span class='ocr_line' id='line_1_13' title="bbox 247 1073 1438 1128; baseline -0.001 -13"><span class='ocrx_word' id='word_1_99' title='bbox 247 1074 373 1115; x_wconf 81' lang='lat' dir='ltr'>Altera</span> <span class='ocrx_word' id='word_1_100' title='bbox 405 1076 501 1115; x_wconf 87' lang='lat' dir='ltr'>ratio</span> <span class='ocrx_word' id='word_1_101' title='bbox 520 1107 530 1126; x_wconf 87' lang='lat'>,</span> <span class='ocrx_word' id='word_1_102' title='bbox 562 1087 670 1128; x_wconf 82' lang='lat' dir='ltr'>quare</span> <span class='ocrx_word' id='word_1_103' title='bbox 702 1074 773 1114; x_wconf 79' lang='lat' dir='ltr'>vrsi</span> <span class='ocrx_word' id='word_1_104' title='bbox 807 1074 942 1113; x_wconf 81' lang='lat' dir='ltr'>marini</span> <span class='ocrx_word' id='word_1_105' title='bbox 975 1073 1105 1127; x_wconf 84' lang='lat' dir='ltr'>primo</span> <span class='ocrx_word' id='word_1_106' title='bbox 1135 1084 1226 1111; x_wconf 79' lang='lat' dir='ltr'>vere</span> <span class='ocrx_word' id='word_1_107' title='bbox 1251 1073 1438 1114; x_wconf 87' lang='lat' dir='ltr'>orientem</span> 
     </span>
     <span class='ocr_line' id='line_1_14' title="bbox 130 1134 1439 1187; baseline -0.003 -8"><span class='ocrx_word' id='word_1_108' title='bbox 130 1147 169 1179; x_wconf 86' lang='lat' dir='ltr'>et</span> <span class='ocrx_word' id='word_1_109' title='bbox 201 1137 266 1177; x_wconf 88' lang='lat' dir='ltr'>has</span> <span class='ocrx_word' id='word_1_110' title='bbox 298 1137 454 1178; x_wconf 86' lang='lat' dir='ltr'>desertas</span> <span class='ocrx_word' id='word_1_111' title='bbox 486 1138 612 1177; x_wconf 80' lang='lat' dir='ltr'>insulas</span> <span class='ocrx_word' id='word_1_112' title='bbox 643 1145 771 1187; x_wconf 76' lang='lat' dir='ltr'>petant</span> <span class='ocrx_word' id='word_1_113' title='bbox 792 1165 802 1182; x_wconf 89' lang='lat'>‚</span> <span class='ocrx_word' id='word_1_114' title='bbox 837 1138 970 1186; x_wconf 78' lang='lat' dir='ltr'>absque</span> <span class='ocrx_word' id='word_1_115' title='bbox 1003 1134 1084 1173; x_wconf 88' lang='lat' dir='ltr'>vllo</span> <span class='ocrx_word' id='word_1_116' title='bbox 1102 1134 1218 1174; x_wconf 91' lang='lat' dir='ltr'>dubio</span> <span class='ocrx_word' id='word_1_117' title='bbox 1235 1134 1325 1176; x_wconf 81' lang='lat' dir='ltr'>haec</span> <span class='ocrx_word' id='word_1_118' title='bbox 1359 1135 1439 1187; x_wconf 79' lang='lat' dir='ltr'>est,</span> 
     </span>
     <span class='ocr_line' id='line_1_15' title="bbox 128 1195 1440 1240; baseline -0.001 0"><span class='ocrx_word' id='word_1_119' title='bbox 128 1210 172 1240; x_wconf 74' lang='lat' dir='ltr'>vt</span> <span class='ocrx_word' id='word_1_120' title='bbox 204 1198 287 1238; x_wconf 91' lang='lat' dir='ltr'>otio</span> <span class='ocrx_word' id='word_1_121' title='bbox 316 1197 450 1238; x_wconf 88' lang='lat' dir='ltr'>somno</span> <span class='ocrx_word' id='word_1_122' title='bbox 482 1207 521 1236; x_wconf 89' lang='lat' dir='ltr'>et</span> <span class='ocrx_word' id='word_1_123' title='bbox 553 1197 721 1236; x_wconf 80' lang='lat' dir='ltr'>trimestri</span> <span class='ocrx_word' id='word_1_124' title='bbox 752 1197 875 1236; x_wconf 82' lang='lat' dir='ltr'>inedia</span> <span class='ocrx_word' id='word_1_125' title='bbox 917 1195 984 1236; x_wconf 64' lang='lat' dir='ltr'>stete</span> <span class='ocrx_word' id='word_1_126' title='bbox 1018 1209 1038 1236; x_wconf 82' lang='lat' dir='ltr'>a</span> <span class='ocrx_word' id='word_1_127' title='bbox 1073 1198 1235 1238; x_wconf 89' lang='lat' dir='ltr'>nimium</span> <span class='ocrx_word' id='word_1_128' title='bbox 1287 1198 1440 1240; x_wconf 75' lang='lat' dir='ltr'>molesta</span> 
     </span>
     <span class='ocr_line' id='line_1_16' title="bbox 126 1260 1437 1316; baseline 0.002 -16"><span class='ocrx_word' id='word_1_129' title='bbox 126 1260 353 1316; x_wconf 86' lang='lat' dir='ltr'>pinguedine</span> <span class='ocrx_word' id='word_1_130' title='bbox 385 1260 570 1312; x_wconf 84' lang='lat' dir='ltr'>liberent,</span> <span class='ocrx_word' id='word_1_131' title='bbox 605 1260 738 1300; x_wconf 86' lang='lat' dir='ltr'>eadem</span> <span class='ocrx_word' id='word_1_132' title='bbox 774 1262 915 1300; x_wconf 84' lang='lat' dir='ltr'>ratione</span> <span class='ocrx_word' id='word_1_133' title='bbox 946 1270 990 1300; x_wconf 84' lang='lat' dir='ltr'>vt</span> <span class='ocrx_word' id='word_1_134' title='bbox 1025 1260 1095 1300; x_wconf 78' lang='lat' dir='ltr'>vrsi</span> <span class='ocrx_word' id='word_1_135' title='bbox 1130 1262 1314 1301; x_wconf 87' lang='lat' dir='ltr'>terrestres</span> <span class='ocrx_word' id='word_1_136' title='bbox 1346 1261 1437 1313; x_wconf 86' lang='lat' dir='ltr'>hye-</span> 
     </span>
     <span class='ocr_line' id='line_1_17' title="bbox 125 1322 1440 1376; baseline 0.001 -12"><span class='ocrx_word' id='word_1_137' title='bbox 125 1335 192 1364; x_wconf 89' lang='lat' dir='ltr'>me</span> <span class='ocrx_word' id='word_1_138' title='bbox 212 1355 223 1375; x_wconf 88' lang='lat'>‚</span> <span class='ocrx_word' id='word_1_139' title='bbox 254 1322 378 1363; x_wconf 81' lang='lat' dir='ltr'>mense</span> <span class='ocrx_word' id='word_1_140' title='bbox 409 1324 513 1364; x_wconf 91' lang='lat' dir='ltr'>enim</span> <span class='ocrx_word' id='word_1_141' title='bbox 547 1323 659 1364; x_wconf 90' lang='lat' dir='ltr'>Innio</span> <span class='ocrx_word' id='word_1_142' title='bbox 689 1333 727 1363; x_wconf 90' lang='lat' dir='ltr'>et</span> <span class='ocrx_word' id='word_1_143' title='bbox 761 1322 856 1364; x_wconf 88' lang='lat' dir='ltr'>Iulio</span> <span class='ocrx_word' id='word_1_144' title='bbox 889 1333 927 1363; x_wconf 90' lang='lat' dir='ltr'>et</span> <span class='ocrx_word' id='word_1_145' title='bbox 962 1324 1128 1376; x_wconf 83' lang='lat' dir='ltr'>Angusto</span> <span class='ocrx_word' id='word_1_146' title='bbox 1166 1324 1257 1365; x_wconf 87' lang='lat' dir='ltr'>nihil</span> <span class='ocrx_word' id='word_1_147' title='bbox 1291 1325 1327 1365; x_wconf 91' lang='lat' dir='ltr'>in</span> <span class='ocrx_word' id='word_1_148' title='bbox 1346 1337 1440 1365; x_wconf 88' lang='lat' dir='ltr'>con-</span> 
     </span>
     <span class='ocr_line' id='line_1_18' title="bbox 126 1387 1438 1439; baseline 0.001 -11"><span class='ocrx_word' id='word_1_149' title='bbox 126 1387 267 1428; x_wconf 87' lang='lat' dir='ltr'>tinente</span> <span class='ocrx_word' id='word_1_150' title='bbox 299 1397 412 1439; x_wconf 86' lang='lat' dir='ltr'>agunt</span> <span class='ocrx_word' id='word_1_151' title='bbox 433 1418 444 1438; x_wconf 84' lang='lat'>,</span> <span class='ocrx_word' id='word_1_152' title='bbox 478 1387 542 1427; x_wconf 86' lang='lat' dir='ltr'>nifi</span> <span class='ocrx_word' id='word_1_153' title='bbox 576 1396 617 1426; x_wconf 82' lang='lat' dir='ltr'>vt</span> <span class='ocrx_word' id='word_1_154' title='bbox 648 1387 866 1437; x_wconf 79' lang='lat' dir='ltr'>dormiant,</span> <span class='ocrx_word' id='word_1_155' title='bbox 901 1388 961 1426; x_wconf 88' lang='lat' dir='ltr'>vel</span> <span class='ocrx_word' id='word_1_156' title='bbox 994 1387 1111 1427; x_wconf 75' lang='lat' dir='ltr'>otiose</span> <span class='ocrx_word' id='word_1_157' title='bbox 1143 1400 1221 1427; x_wconf 89' lang='lat' dir='ltr'>vno</span> <span class='ocrx_word' id='word_1_158' title='bbox 1253 1387 1438 1429; x_wconf 79' lang='lat' dir='ltr'>locosaxi</span> 
     </span>
     <span class='ocr_line' id='line_1_19' title="bbox 129 1449 1440 1504; baseline 0.001 -13"><span class='ocrx_word' id='word_1_159' title='bbox 129 1450 236 1491; x_wconf 84' lang='lat' dir='ltr'>instar</span> <span class='ocrx_word' id='word_1_160' title='bbox 268 1450 441 1501; x_wconf 87' lang='lat' dir='ltr'>iaceant,</span> <span class='ocrx_word' id='word_1_161' title='bbox 475 1450 509 1490; x_wconf 89' lang='lat' dir='ltr'>se</span> <span class='ocrx_word' id='word_1_162' title='bbox 542 1451 706 1491; x_wconf 86' lang='lat' dir='ltr'>inuicem</span> <span class='ocrx_word' id='word_1_163' title='bbox 741 1449 944 1504; x_wconf 79' lang='lat' dir='ltr'>aspiciant,</span> <span class='ocrx_word' id='word_1_164' title='bbox 981 1450 1173 1502; x_wconf 70' lang='lat' dir='ltr'>barriunt,</span> <span class='ocrx_word' id='word_1_165' title='bbox 1207 1449 1362 1491; x_wconf 87' lang='lat' dir='ltr'>oscitent</span> <span class='ocrx_word' id='word_1_166' title='bbox 1400 1460 1440 1492; x_wconf 85' lang='lat' dir='ltr'>et</span> 
     </span>
     <span class='ocr_line' id='line_1_20' title="bbox 130 1512 1439 1567; baseline 0.002 -15"><span class='ocrx_word' id='word_1_167' title='bbox 130 1512 438 1567; x_wconf 81' lang='lat' dir='ltr'>pandiculentur,</span> <span class='ocrx_word' id='word_1_168' title='bbox 472 1526 541 1554; x_wconf 88' lang='lat' dir='ltr'>nec</span> <span class='ocrx_word' id='word_1_169' title='bbox 575 1515 702 1554; x_wconf 90' lang='lat' dir='ltr'>cibum</span> <span class='ocrx_word' id='word_1_170' title='bbox 738 1514 853 1554; x_wconf 73' lang='lat' dir='ltr'>vllum</span> <span class='ocrx_word' id='word_1_171' title='bbox 891 1527 957 1553; x_wconf 89' lang='lat' dir='ltr'>nec</span> <span class='ocrx_word' id='word_1_172' title='bbox 976 1523 1111 1566; x_wconf 89' lang='lat' dir='ltr'>potum</span> <span class='ocrx_word' id='word_1_173' title='bbox 1130 1515 1295 1567; x_wconf 87' lang='lat' dir='ltr'>capiunt.</span> <span class='ocrx_word' id='word_1_174' title='bbox 1356 1514 1439 1555; x_wconf 84' lang='lat' dir='ltr'>Ob-</span> 
     </span>
     <span class='ocr_line' id='line_1_21' title="bbox 132 1575 1439 1631; baseline 0.003 -17"><span class='ocrx_word' id='word_1_175' title='bbox 132 1575 270 1615; x_wconf 88' lang='lat' dir='ltr'>seruaui</span> <span class='ocrx_word' id='word_1_176' title='bbox 304 1578 501 1631; x_wconf 84' lang='lat' dir='ltr'>praecipue</span> <span class='ocrx_word' id='word_1_177' title='bbox 537 1590 654 1618; x_wconf 87' lang='lat' dir='ltr'>vnum</span> <span class='ocrx_word' id='word_1_178' title='bbox 688 1590 767 1617; x_wconf 84' lang='lat' dir='ltr'>vno</span> <span class='ocrx_word' id='word_1_179' title='bbox 784 1579 993 1630; x_wconf 81' lang='lat' dir='ltr'>eodemque</span> <span class='ocrx_word' id='word_1_180' title='bbox 1012 1576 1100 1617; x_wconf 90' lang='lat' dir='ltr'>loco</span> <span class='ocrx_word' id='word_1_181' title='bbox 1119 1579 1308 1630; x_wconf 85' lang='lat' dir='ltr'>integrum</span> <span class='ocrx_word' id='word_1_182' title='bbox 1329 1590 1439 1618; x_wconf 86' lang='lat' dir='ltr'>men-</span> 
     </span>
     <span class='ocr_line' id='line_1_22' title="bbox 130 1638 1438 1694; baseline 0.002 -15"><span class='ocrx_word' id='word_1_183' title='bbox 130 1638 208 1679; x_wconf 86' lang='lat' dir='ltr'>sem</span> <span class='ocrx_word' id='word_1_184' title='bbox 242 1639 424 1679; x_wconf 73' lang='lat' dir='ltr'>iacentem</span> <span class='ocrx_word' id='word_1_185' title='bbox 444 1673 454 1692; x_wconf 85' lang='lat'>,</span> <span class='ocrx_word' id='word_1_186' title='bbox 488 1650 525 1681; x_wconf 91' lang='lat' dir='ltr'>et</span> <span class='ocrx_word' id='word_1_187' title='bbox 557 1641 642 1681; x_wconf 89' lang='lat' dir='ltr'>licet</span> <span class='ocrx_word' id='word_1_188' title='bbox 674 1641 775 1681; x_wconf 65' lang='lat' dir='ltr'>stenes</span> <span class='ocrx_word' id='word_1_189' title='bbox 807 1640 882 1681; x_wconf 90' lang='lat' dir='ltr'>hoc</span> <span class='ocrx_word' id='word_1_190' title='bbox 914 1639 1062 1680; x_wconf 87' lang='lat' dir='ltr'>diuerso</span> <span class='ocrx_word' id='word_1_191' title='bbox 1114 1650 1290 1694; x_wconf 88' lang='lat' dir='ltr'>tempore</span> <span class='ocrx_word' id='word_1_192' title='bbox 1337 1641 1438 1681; x_wconf 73' lang='lat' dir='ltr'>difle-</span> 
     </span>
     <span class='ocr_line' id='line_1_23' title="bbox 135 1703 1440 1757; baseline 0.002 -15"><span class='ocrx_word' id='word_1_193' title='bbox 135 1703 275 1742; x_wconf 88' lang='lat' dir='ltr'>cuerim</span> <span class='ocrx_word' id='word_1_194' title='bbox 295 1733 304 1751; x_wconf 93' lang='lat'>,</span> <span class='ocrx_word' id='word_1_195' title='bbox 339 1713 481 1754; x_wconf 85' lang='lat' dir='ltr'>praeter</span> <span class='ocrx_word' id='word_1_196' title='bbox 513 1703 681 1757; x_wconf 82' lang='lat' dir='ltr'>spumam</span> <span class='ocrx_word' id='word_1_197' title='bbox 717 1714 756 1744; x_wconf 89' lang='lat' dir='ltr'>et</span> <span class='ocrx_word' id='word_1_198' title='bbox 788 1705 935 1745; x_wconf 79' lang='lat' dir='ltr'>ssiccum</span> <span class='ocrx_word' id='word_1_199' title='bbox 962 1704 1156 1756; x_wconf 85' lang='lat' dir='ltr'>gastricum</span> <span class='ocrx_word' id='word_1_200' title='bbox 1194 1703 1285 1744; x_wconf 89' lang='lat' dir='ltr'>nihil</span> <span class='ocrx_word' id='word_1_201' title='bbox 1311 1704 1440 1745; x_wconf 88' lang='lat' dir='ltr'>omni-</span> 
     </span>
     <span class='ocr_line' id='line_1_24' title="bbox 135 1766 1440 1820; baseline 0.002 -16"><span class='ocrx_word' id='word_1_202' title='bbox 135 1777 188 1806; x_wconf 90' lang='lat' dir='ltr'>no</span> <span class='ocrx_word' id='word_1_203' title='bbox 220 1775 340 1817; x_wconf 89' lang='lat' dir='ltr'>neque</span> <span class='ocrx_word' id='word_1_204' title='bbox 374 1766 410 1803; x_wconf 92' lang='lat' dir='ltr'>in</span> <span class='ocrx_word' id='word_1_205' title='bbox 427 1767 638 1806; x_wconf 86' lang='lat' dir='ltr'>ventriculo</span> <span class='ocrx_word' id='word_1_206' title='bbox 670 1780 790 1820; x_wconf 87' lang='lat' dir='ltr'>neque</span> <span class='ocrx_word' id='word_1_207' title='bbox 822 1767 999 1808; x_wconf 89' lang='lat' dir='ltr'>intestinis</span> <span class='ocrx_word' id='word_1_208' title='bbox 1018 1777 1350 1807; x_wconf 80' lang='lat' dir='ltr'>excrementorum</span> <span class='ocrx_word' id='word_1_209' title='bbox 1385 1769 1440 1807; x_wconf 91' lang='lat' dir='ltr'>in-</span> 
     </span>
     <span class='ocr_line' id='line_1_25' title="bbox 134 1826 1441 1883; baseline 0.002 -14"><span class='ocrx_word' id='word_1_210' title='bbox 134 1828 234 1869; x_wconf 79' lang='lat' dir='ltr'>veni.</span> <span class='ocrx_word' id='word_1_211' title='bbox 300 1826 444 1867; x_wconf 83' lang='lat' dir='ltr'>Interea</span> <span class='ocrx_word' id='word_1_212' title='bbox 476 1839 602 1883; x_wconf 75' lang='lat' dir='ltr'>autem</span> <span class='ocrx_word' id='word_1_213' title='bbox 634 1829 812 1869; x_wconf 84' lang='lat' dir='ltr'>notabam</span> <span class='ocrx_word' id='word_1_214' title='bbox 845 1830 1082 1881; x_wconf 83' lang='lat' dir='ltr'>panniculum</span> <span class='ocrx_word' id='word_1_215' title='bbox 1133 1828 1324 1882; x_wconf 83' lang='lat' dir='ltr'>adiposum</span> <span class='ocrx_word' id='word_1_216' title='bbox 1360 1843 1441 1871; x_wconf 80' lang='lat' dir='ltr'>ma-</span> 
     </span>
     <span class='ocr_line' id='line_1_26' title="bbox 133 1889 1440 1946; baseline 0.003 -15"><span class='ocrx_word' id='word_1_217' title='bbox 133 1892 188 1946; x_wconf 86' lang='lat' dir='ltr'>gis</span> <span class='ocrx_word' id='word_1_218' title='bbox 219 1889 409 1943; x_wconf 76' lang='lat' dir='ltr'>magisque</span> <span class='ocrx_word' id='word_1_219' title='bbox 443 1892 645 1943; x_wconf 82' lang='lat' dir='ltr'>attenuari,</span> <span class='ocrx_word' id='word_1_220' title='bbox 681 1890 934 1946; x_wconf 83' lang='lat' dir='ltr'>peripheriam</span> <span class='ocrx_word' id='word_1_221' title='bbox 953 1893 1120 1945; x_wconf 82' lang='lat' dir='ltr'>corporis</span> <span class='ocrx_word' id='word_1_222' title='bbox 1152 1893 1329 1933; x_wconf 91' lang='lat' dir='ltr'>imminui</span> <span class='ocrx_word' id='word_1_223' title='bbox 1351 1924 1363 1946; x_wconf 88' lang='lat'>,</span> <span class='ocrx_word' id='word_1_224' title='bbox 1397 1906 1440 1935; x_wconf 76' lang='lat' dir='ltr'>ac</span> 
     </span>
     <span class='ocr_line' id='line_1_27' title="bbox 134 1952 1441 2010; baseline 0.002 -15"><span class='ocrx_word' id='word_1_225' title='bbox 134 1964 256 1995; x_wconf 85' lang='lat' dir='ltr'>cutem</span> <span class='ocrx_word' id='word_1_226' title='bbox 289 1953 382 1993; x_wconf 87' lang='lat' dir='ltr'>adeo</span> <span class='ocrx_word' id='word_1_227' title='bbox 416 1952 608 1994; x_wconf 81' lang='lat' dir='ltr'>flaccidam</span> <span class='ocrx_word' id='word_1_228' title='bbox 645 1954 756 2006; x_wconf 84' lang='lat' dir='ltr'>fieri,</span> <span class='ocrx_word' id='word_1_229' title='bbox 790 1964 834 1995; x_wconf 87' lang='lat' dir='ltr'>vt</span> <span class='ocrx_word' id='word_1_230' title='bbox 865 1955 973 1995; x_wconf 85' lang='lat' dir='ltr'>instar</span> <span class='ocrx_word' id='word_1_231' title='bbox 1011 1955 1102 1995; x_wconf 87' lang='lat' dir='ltr'>sacci</span> <span class='ocrx_word' id='word_1_232' title='bbox 1136 1957 1296 2010; x_wconf 87' lang='lat' dir='ltr'>vndique</span> <span class='ocrx_word' id='word_1_233' title='bbox 1328 1966 1441 1998; x_wconf 90' lang='lat' dir='ltr'>moto</span> 
     </span>
     <span class='ocr_line' id='line_1_28' title="bbox 133 2016 1442 2075; baseline 0.002 -16"><span class='ocrx_word' id='word_1_234' title='bbox 133 2028 296 2070; x_wconf 88' lang='lat' dir='ltr'>corpore</span> <span class='ocrx_word' id='word_1_235' title='bbox 327 2016 510 2070; x_wconf 87' lang='lat' dir='ltr'>penderet</span> <span class='ocrx_word' id='word_1_236' title='bbox 542 2027 580 2057; x_wconf 91' lang='lat' dir='ltr'>et</span> <span class='ocrx_word' id='word_1_237' title='bbox 610 2027 837 2058; x_wconf 88' lang='lat' dir='ltr'>moueretur.</span> <span class='ocrx_word' id='word_1_238' title='bbox 900 2016 1072 2059; x_wconf 86' lang='lat' dir='ltr'>Iuniores</span> <span class='ocrx_word' id='word_1_239' title='bbox 1107 2028 1207 2059; x_wconf 82' lang='lat' dir='ltr'>tanta</span> <span class='ocrx_word' id='word_1_240' title='bbox 1245 2020 1442 2075; x_wconf 87' lang='lat' dir='ltr'>pinguedi-</span> 
     </span>
     <span class='ocr_line' id='line_1_29' title="bbox 134 2080 1441 2138; baseline 0.002 -15"><span class='ocrx_word' id='word_1_241' title='bbox 134 2094 184 2123; x_wconf 93' lang='lat' dir='ltr'>ne</span> <span class='ocrx_word' id='word_1_242' title='bbox 215 2092 288 2121; x_wconf 92' lang='lat' dir='ltr'>non</span> <span class='ocrx_word' id='word_1_243' title='bbox 321 2080 546 2120; x_wconf 84' lang='lat' dir='ltr'>abundantes</span> <span class='ocrx_word' id='word_1_244' title='bbox 574 2080 672 2138; x_wconf 87' lang='lat' dir='ltr'>circa</span> <span class='ocrx_word' id='word_1_245' title='bbox 690 2081 838 2122; x_wconf 89' lang='lat' dir='ltr'>initium</span> <span class='ocrx_word' id='word_1_246' title='bbox 857 2080 940 2123; x_wconf 91' lang='lat' dir='ltr'>Iulii</span> <span class='ocrx_word' id='word_1_247' title='bbox 959 2082 1198 2123; x_wconf 90' lang='lat' dir='ltr'>concubitum</span> <span class='ocrx_word' id='word_1_248' title='bbox 1227 2084 1441 2136; x_wconf 77' lang='lat' dir='ltr'>celebrant,</span> 
     </span>
     <span class='ocr_line' id='line_1_30' title="bbox 138 2143 1441 2200; baseline 0.001 -15"><span class='ocrx_word' id='word_1_249' title='bbox 138 2145 251 2200; x_wconf 84' lang='lat' dir='ltr'>agiles</span> <span class='ocrx_word' id='word_1_250' title='bbox 278 2143 376 2196; x_wconf 87' lang='lat' dir='ltr'>sunt,</span> <span class='ocrx_word' id='word_1_251' title='bbox 409 2143 500 2196; x_wconf 27' lang='lat' dir='ltr'>hinc·</span> <span class='ocrx_word' id='word_1_252' title='bbox 529 2143 614 2185; x_wconf 89' lang='lat' dir='ltr'>inde</span> <span class='ocrx_word' id='word_1_253' title='bbox 643 2144 864 2200; x_wconf 76' lang='lat' dir='ltr'>discurrunt,</span> <span class='ocrx_word' id='word_1_254' title='bbox 895 2144 1054 2187; x_wconf 81' lang='lat' dir='ltr'>viciffim</span> <span class='ocrx_word' id='word_1_255' title='bbox 1086 2147 1125 2187; x_wconf 90' lang='lat' dir='ltr'>in</span> <span class='ocrx_word' id='word_1_256' title='bbox 1157 2148 1255 2189; x_wconf 82' lang='lat' dir='ltr'>mari</span> <span class='ocrx_word' id='word_1_257' title='bbox 1277 2157 1316 2189; x_wconf 91' lang='lat' dir='ltr'>et</span> <span class='ocrx_word' id='word_1_258' title='bbox 1347 2158 1441 2187; x_wconf 87' lang='lat' dir='ltr'>con-</span> 
     </span>
    </p>

    <p class='ocr_par' dir='ltr' id='par_1_4' title="bbox 200 2206 1442 2262">
     <span class='ocr_line' id='line_1_31' title="bbox 200 2206 1442 2262; baseline 0 -14"><span class='ocrx_word' id='word_1_259' title='bbox 200 2208 322 2248; x_wconf 88' lang='lat' dir='ltr'>Tom.</span> <span class='ocrx_word' id='word_1_260' title='bbox 342 2206 394 2248; x_wconf 92' lang='lat'>11.</span> <span class='ocrx_word' id='word_1_261' title='bbox 414 2207 518 2249; x_wconf 90' lang='lat' dir='ltr'>Nou.</span> <span class='ocrx_word' id='word_1_262' title='bbox 539 2206 764 2250; x_wconf 89' lang='lat' dir='ltr'>Comment.</span> <span class='ocrx_word' id='word_1_263' title='bbox 969 2209 1012 2252; x_wconf 87' lang='lat' dir='ltr'>Y</span> <span class='ocrx_word' id='word_1_264' title='bbox 1043 2221 1069 2262; x_wconf 87' lang='lat' dir='ltr'><strong>y</strong></span> <span class='ocrx_word' id='word_1_265' title='bbox 1302 2211 1442 2249; x_wconf 88' lang='lat' dir='ltr'>tinente</span> 
     </span>
    </p>
   </div>
  </div>
 </body>
</html>
