1971 2700
539 208 634 254 274
823 188 1179 243 OBSERVATIO
1218 187 1589 240 ANAthca·

653 311 874 368 Descriptio
913 319 1018 353 ortus
1065 309 1229 351 tendinei
1280 308 1385 350 huius
1435 307 1589 351 musculi
1638 319 1861 369 comparata

535 391 625 421 cum
659 379 723 420 illa
744 411 754 431 ‚
789 389 903 432 quam
934 375 1040 416 dedit
1073 373 1349 416 Celeberrimus
1383 373 1537 415 Albinus
1553 373 1601 415 de
1627 373 1744 417 Recti
1768 390 1858 420 con.

534 444 745 484 tinuatione
779 454 849 495 per
884 439 1018 494 pestus
1067 436 1176 494 (licet
1206 436 1284 492 ipse
1330 448 1498 479 autumet
1541 437 1590 478 ab
1629 439 1772 480 eodem
1802 442 1861 484 di·

535 507 733 555 stinctam)
768 504 834 544 cui
867 504 906 543 iu
939 501 1161 556 quibusdam
1193 502 1425 555 conueniat,
1457 513 1585 543 tamen
1617 502 1783 545 multum
1814 504 1862 549 ab

535 569 671 611 erdem
703 567 910 621 discrepare
929 598 941 618 ‚
976 565 1083 607 facile
1113 575 1282 620 apparet.

652 632 794 673 Tendo
825 630 1042 672 communis
1073 642 1123 671 ex
1154 629 1330 671 concursu
1363 629 1619 672 fasciculorum
1659 629 1864 686 descripto·

535 708 622 738 rum
657 695 810 739 craffior
829 728 841 748 ,
874 694 968 736 latus
1001 692 1063 735 sed
1105 694 1237 749 planus
1258 727 1270 747 ‚
1318 694 1502 750 superiora
1540 694 1664 737 versus
1714 705 1865 738 contra·

538 761 638 802 ‹stior
657 795 668 814 ,
688 761 858 814 obliquus
894 759 942 801 ad
978 758 1142 800 ssernum
1197 759 1275 799 abit
1319 760 1357 801 in
1390 772 1543 802 carnem
1577 759 1729 801 craffim
1752 791 1765 812 ,
1798 772 1866 801 ro-

538 825 706 877 bustam,
757 826 874 865 latam
895 856 906 876 ,
956 836 1053 877 quae
1095 824 1136 864 in
1185 820 1266 877 ipio
1315 834 1398 865 ortu
1452 836 1504 864 ex
1541 824 1763 878 aponeutosi
1807 823 1866 866 di-

537 888 675 931 viditur
706 889 745 929 in
778 888 968 941 duplicem
1004 885 1214 928 musculum
1234 919 1245 938 ,
1278 899 1356 928 non
1387 897 1523 929 ventre
1556 889 1679 930 modo
1697 921 1708 942 ,
1738 887 1801 929 sed
1829 896 1869 929 et

534 953 650 994 cauda
670 986 682 1005 ‚
715 952 789 994 flue
820 952 1016 992 insertione
1035 983 1046 1003 ‚
1081 949 1413 993 distinffiffimum.
1496 952 1550 994 Et
1592 953 1746 1008 quidem
1797 951 1867 994 ho-

332 1009 621 1057 (³¹3¹³³‘¹·¹rum
656 1016 748 1057 alter
781 1016 936 1066 maior,
971 1014 1148 1067 inferior,
1183 1015 1307 1056 rec‘tus
1338 1013 1435 1071 (31)
1457 1047 1470 1067 ‚
1503 1016 1595 1057 alter
1634 1013 1866 1068 minor,su-

335 1060 410 1136 οἷς
419 1055 525 1125 3,ῑέξὲ
540 1081 668 1133 perior
687 1112 700 1134 ‚
729 1080 897 1135 obliquus
916 1077 1034 1135 (32),
1067 1077 1170 1134 supra
1189 1080 1362 1136 priorem
1383 1111 1395 1132 ‚
1430 1079 1553 1120 versus
1570 1081 1704 1134 pestus
1722 1079 1871 1121 adicen-

355 1136 607 1185 OPQRSdit·

654 1203 836 1264 Superior
867 1206 944 1248 lato
976 1206 1167 1262 principio
1198 1217 1338 1247 carneo
1371 1218 1423 1246 ex
1456 1205 1534 1247 fine
1584 1208 1766 1249 tendineo
1807 1219 1872 1250 or-

328 1272 520 1314 (nubum
538 1279 595 1313 tus
626 1268 723 1326 (33)
745 1302 757 1323 ‚
791 1272 1036 1325 pyramidalis
1054 1304 1066 1324 ,
1098 1270 1270 1325 obliquus
1301 1268 1421 1310 versus
1453 1269 1618 1310 stenmm
1652 1272 1841 1313 adscendit
1859 1304 1872 1325 ,

329 1316 425 1396 (ᾔ),-
426 1317 527 1387 ἕως
541 1337 580 1376 in
621 1345 695 1377 tres
745 1335 891 1376 validos
939 1334 1128 1376 fasciculos
1176 1334 1366 1375 distinctus
1422 1331 1548 1387 (34),
1596 1335 1660 1387 qui
1712 1333 1870 1394 superne

371 1399 435 1429 ΟΡ
538 1400 579 1439 in
623 1399 881 1452 splendentem
935 1399 1156 1440 tendineam
1190 1397 1462 1450 expansionem
1488 1397 1620 1436 itidem
1657 1397 1870 1440 distinceun

330 1470 480 1510 (3531bid.
499 1462 739 1508 Qconfluuut
758 1460 855 1517 (35)
875 1493 887 1512 ,
905 1461 1025 1502 subtus
1043 1462 1107 1503 diu
1124 1473 1304 1502 carneam
1327 1491 1337 1510 ,
1364 1470 1457 1512 quae
1485 1457 1561 1498 fine
1580 1457 1642 1499 luo
1659 1460 1872 1513 angustatur

373 1512 437 1543 ¹³⁵
537 1525 578 1567 in
611 1528 809 1569 tendinem
843 1524 997 1566 crassum
1019 1557 1032 1577 ,
1066 1523 1144 1565 fere
1183 1524 1389 1565 rotundum
1411 1554 1423 1574 ,
1469 1520 1527 1563 sed
1569 1522 1661 1562 infra
1692 1534 1730 1564 ct
1764 1524 1870 1578 filpm

332 1602 520 1642 ammian:
540 1590 674 1632 leniter
705 1589 993 1645 complanatum
1015 1587 1123 1644 (36).
1156 1585 1217 1630 Sic
1250 1597 1354 1629 ortus
1387 1585 1503 1626 tendo
1534 1585 1658 1628 statim
1686 1587 1809 1629 diffilit
1828 1589 1870 1631 in

331 1664 613 1706 (3731b1d.utres
645 1655 778 1696 caudas
809 1654 992 1695 notabiles
1024 1650 1148 1709 (37),
1179 1664 1336 1707 quarum
1355 1651 1447 1691 duae
1482 1649 1675 1692 breuiores
1692 1652 1871 1695 finistror·

380 1707 457 1740 'W
537 1717 618 1759 sum
655 1719 783 1759 lunato
817 1717 931 1759 duc'tu
982 1716 1145 1758 inflexae
1202 1715 1456 1765 latescebant,
1505 1724 1616 1768 atque
1667 1716 1868 1769 extenfire,

536 1782 626 1823 hinc
669 1782 934 1836 complanatae
986 1792 1024 1822 et
1057 1791 1307 1833 extenuatae,
1349 1777 1601 1820 inserebantur
1635 1781 1767 1833 primo
1800 1793 1871 1834 pet

534 1845 649 1888 fibras
682 1845 874 1888 inferiores
905 1844 972 1886 offi
1004 1845 1127 1886 sterno
1158 1844 1292 1886 medio
1323 1845 1422 1884 inter
1454 1842 1625 1885 secundae
1656 1855 1695 1885 et
1734 1844 1870 1886 tertiae

534 1910 662 1952 costae
697 1910 961 1965 cartilaginum
995 1908 1235 1951 insertionem
1254 1940 1266 1961 ,
1300 1907 1439 1950 deinde
1468 1917 1648 1948 extremo
1679 1907 1744 1949 suo
1763 1939 1775 1959 ,
1819 1907 1865 1950 fis

539 1972 612 2014 bris
662 1974 915 2028 superioribus
946 1975 985 2014 in
1016 1974 1138 2015 radios
1189 1982 1315 2013 tenues
1361 1969 1556 2024 dispersus,
1607 1981 1718 2025 atque
1765 1973 1871 2015 intet

538 2037 723 2090 principia
761 2037 952 2079 tendinofil
974 2067 985 2086 ‚
1020 2038 1150 2089 quibus
1183 2034 1363 2076 musculus
1395 2033 1595 2086 pectoralis
1631 2035 1769 2077 sinister
1785 2035 1864 2077 hoe

535 2098 627 2138 lo;o
660 2112 709 2139 ex
747 2102 853 2142 sterni
888 2102 1004 2142 latere
1037 2109 1166 2140 ortum
1200 2097 1332 2149 ducit,
1369 2096 1584 2150 insinuatis,
1627 2101 1732 2142 lateri
1765 2099 1862 2140 eius-

528 2163 628 2218 dem
680 2162 837 2209 finito.
905 2162 1039 2208 Tertia
1090 2162 1256 2207 exterior
1310 2161 1472 2208 ciusdem
1524 2164 1685 2209 tendinis
1747 2162 1864 2205 cauda

1809 2237 1865 2273 ⁸3

1959 2644 1971 2700 -μ-
