1971 2700
390 169 655 216 ECLIPSES
687 169 764 215 LV
763 172 816 214 M
818 171 839 214 I
840 173 881 215 N
884 171 1023 216 ARW
1020 170 1075 214 M
1079 202 1090 213 .
1362 176 1425 223 40'
1426 186 1457 224 9

116 286 178 327 -in
196 298 271 341 quo
288 285 317 326 P
336 284 458 338 polus,
478 281 517 325 Z
535 285 667 326 zenith
689 285 724 326 E
741 276 922 340 Qautem
956 292 1203 338 aequatorem
1220 315 1231 335 ,
1248 283 1285 323 iu
1307 297 1384 337 quo
1405 283 1450 317 'V'

138 350 367 403 principium
403 349 675 389 numerationis
708 348 920 389 ascensionis
961 348 1085 389 rectae
1104 380 1115 400 ‚
1168 347 1285 401 fitque
1335 348 1373 388 H
1409 348 1450 389 O

138 413 299 453 horizon
335 412 435 463 loci,
468 413 508 452 in
541 425 618 465 quo
648 411 861 452 obseruatio
891 413 1056 452 instituta
1088 411 1168 464 est,
1204 421 1242 450 et
1283 411 1323 451 A
1357 424 1458 454 cen-

138 477 187 517 tri
219 476 378 517 vmbrae
408 475 514 516 locus
545 488 730 529 apparens
749 509 759 528 ,
803 475 839 514 V
876 488 985 516 verus
1027 484 1205 528 tempore
1226 475 1447 516 obseruatio-

136 541 193 581 nis
208 572 220 592 ,
253 551 346 593 quae
367 539 450 580 loca
468 540 506 580 in
522 540 662 580 eodem
682 548 789 579 erunt
809 538 947 579 circulo
968 539 1163 590 verticuli,
1182 540 1359 592 quoniam
1379 552 1450 594 pa-

138 603 278 644 rallaxis
296 602 587 656 phaenomenon
604 603 786 657 deprimit
804 611 961 642 tanturn.
1008 602 1080 642 Per
1096 603 1135 643 A
1155 612 1192 641 et
1212 602 1248 642 V
1285 603 1450 644 traducti

136 666 387 719 intelligantur
417 665 714 707 declinationum
747 665 874 707 circuli
906 665 935 704 P
951 665 990 705 A
1009 664 1044 705 B
1063 697 1074 715 ,
1105 665 1134 706 P
1153 664 1191 705 V
1210 664 1253 705 D
1274 699 1285 718 ‚
1311 678 1449 720 aequa-

136 730 212 769 tori
238 731 275 769 in
293 727 327 768 B
345 739 382 769 et
399 728 442 769 D
461 739 723 783 occurrentes,
757 739 796 769 et
827 731 1024 782 exprimet
1040 728 1139 769 linea
1156 727 1192 768 B
1209 728 1253 769 D
1272 729 1448 771 differen-

133 793 227 833 tiam
248 791 499 834 ascensionum
519 793 711 834 refiatum
730 792 852 834 centri
871 793 1026 833 vmbrae
1045 824 1056 843 ,
1068 803 1201 843 verae,
1238 793 1296 832 (eu
1314 805 1336 832 e
1354 805 1445 833 cen-

136 864 198 895 tro
225 857 368 896 Tcrme
386 858 483 896 visae
502 889 513 907 ‚
545 859 711 912 aequalis
742 854 947 897 ascensioni
974 855 1098 896 rec‘tae
1118 854 1248 909 punc'ti
1268 854 1349 896 Soli
1369 868 1446 909 op-

133 919 246 972 positi
265 952 277 973 ,
310 929 350 960 et
382 922 595 974 apparentis
624 932 695 961 nro
728 919 907 973 superiori
940 920 1144 970 inuentae,
1179 931 1251 972 qua
1277 921 1361 960 data
1379 932 1447 959 an-

132 983 236 1035 gulus
275 995 429 1037 quoque
476 982 644 1037 BPD,
694 995 810 1038 quem
861 994 968 1022 arcus
1000 982 1062 1022 hic
1097 980 1131 1020 B
1151 981 1194 1022 D
1229 983 1445 1036 mensurat,

133 1045 291 1087 dabitur.
360 1046 404 1087 In
438 1049 621 1099 triangulo
655 1047 851 1099 sphaerico
883 1044 923 1084 A
942 1042 1024 1086 PZ
1057 1046 1192 1087 dantur
1209 1047 1279 1086 tria
1298 1046 1414 1087 latera
1432 1079 1443 1098 ‚

131 1120 276 1161 nempe
309 1109 336 1150 P
355 1106 392 1149 Z
424 1111 758 1162 complementum
791 1108 994 1149 altitudinis
1027 1108 1136 1162 poli,
1155 1112 1195 1149 A
1214 1106 1253 1148 Z
1271 1111 1446 1162 comple-

132 1180 310 1211 mentum
341 1173 542 1211 altitudinis
574 1173 785 1225 apparentis
813 1173 934 1210 centri
969 1172 1125 1211 vmbrae
1145 1184 1214 1225 per
1238 1184 1444 1212 numerum

131 1235 357 1287 superiorem
408 1234 710 1286 determinatae,
743 1243 783 1275 et
812 1234 852 1274 A
878 1233 906 1274 P
937 1235 1274 1288 complementum
1321 1248 1442 1289 appa-

131 1298 247 1337 rentis
277 1298 531 1338 declinationis
568 1299 734 1338 eiusdem
775 1298 919 1339 ibidem
967 1299 1103 1350 datae,
1153 1298 1302 1339 dabitur
1349 1311 1444 1353 ergo

131 1373 201 1414 per
233 1360 500 1401 resolutionem
531 1361 638 1404 huius
668 1362 841 1414 trianguli
873 1356 912 1401 Z
932 1361 1004 1401 ΑΡ
1034 1362 1198 1414 angulus.
1266 1362 1385 1402 Porro
1404 1365 1445 1403 in

131 1424 316 1477 triangulo
349 1425 443 1465 VA
461 1424 491 1464 P
524 1425 656 1465 dantur
687 1425 765 1464 duo
796 1425 923 1478 anguli
957 1425 1077 1465 modo
1111 1426 1286 1478 inuenti,
1319 1426 1444 1467 VAP

130 1496 172 1526 et
205 1486 325 1527 VPA
349 1519 360 1539 ‚
395 1500 482 1528 cum
517 1487 635 1528 latere
668 1488 882 1542 intercepto
915 1491 952 1529 A
973 1489 1028 1540 P,
1072 1490 1281 1529 inuenietur
1331 1490 1442 1543 igitur

127 1547 222 1590 latus
255 1550 294 1590 A
313 1551 351 1592 V
373 1583 383 1603 ,
417 1551 614 1605 parali-axis
644 1550 851 1592 altitudinis
881 1552 1005 1592 centri
1054 1552 1213 1592 vmbrae
1259 1562 1443 1607 tempore

128 1612 395 1654 obseruationis
426 1615 599 1655 obtinens
620 1615 782 1668 quaesita
810 1614 955 1670 prorsus
970 1625 1015 1656 vt
1033 1615 1143 1656 habet
1162 1614 1216 1656 D.
1238 1614 1442 1670 Gregorius

127 1674 234 1716 Data
250 1688 375 1718 autern
395 1679 602 1732 parallaxia
619 1678 799 1719 ltitudinis
815 1680 935 1720 centri
953 1679 1111 1720 vmbrae
1129 1679 1168 1718 in
1186 1680 1285 1720 disco
1301 1679 1442 1722 Lunari

128 1741 345 1791 conspicuae
364 1774 375 1792 ,
392 1752 433 1780 et
449 1741 703 1781 altitudinibus
720 1751 937 1783 centrorum
964 1743 1093 1783 Lunae
1115 1751 1159 1782 et
1175 1745 1346 1784 vmbrae.
1371 1746 1425 1794 5ω

129 1802 479 1858 Parallaxisquoque
496 1806 609 1845 centri
620 1803 747 1846 Lunae
763 1806 810 1846 ad
825 1806 1032 1859 quamlibet
1040 1806 1333 1847 obseruationem
1344 1807 1440 1860 pha-

127 1864 205 1905 {eos
222 1867 440 1908 inuenietur.
477 1867 544 1908 Ex
562 1869 745 1922 parallaxi
763 1869 867 1908 enim
885 1869 1085 1911 altitudinis
1103 1872 1262 1911 vmbrae
1280 1872 1318 1910 in
1338 1871 1438 1912 disco

128 1927 257 1971 Lunae
275 1931 521 1985 conspicuae,
554 1941 593 1973 et
623 1932 819 1974 altitudine
853 1933 1010 1975 vmbrae
1041 1944 1245 1987 apparente
1294 1934 1440 1976 inueni-

127 2002 187 2034 tur
213 1994 385 2035 distantia
417 1996 606 2048 vmbrae,
647 2009 735 2036 cum
778 2009 895 2050 eaque
926 1997 1055 2038 Lunae
1104 1999 1233 2038 ctiam·
1251 2010 1274 2038 a
1305 2007 1440 2039 centro

130 2056 167 2096 T
170 2070 274 2100 errae
292 2090 304 2111 ‚
338 2068 377 2100 et
409 2060 533 2103 radius
571 2060 714 2103 Terrae
765 2060 904 2113 vbique
953 2064 1121 2103 constans
1150 2063 1204 2104 cst
1228 2096 1239 2115 ‚
1290 2062 1438 2103 accedit

692 2122 734 2165 N
771 2137 796 2166 n
829 2137 854 2165 n
888 2138 913 2177 3
1322 2136 1435 2165 com-
