1971 2700
512 154 600 191 162
830 139 1062 196 ”ffiffiitss·
1096 138 1110 197 )
1130 151 1156 183 0
1178 139 1192 197 )
1228 134 1462 194 »325335034

512 251 1100 321 EXPERIMENTA
1167 252 1277 311 DE
1321 248 1828 312 COMPRESSIO-

545 346 627 390 NE
654 343 817 389 AERIS
850 340 1103 384 INPRlMlS
1138 340 1239 384 PER
1274 339 1480 397 AQVAM
1515 338 1576 380 IN
1598 336 1803 384 BOMBIS

748 403 1224 451 CONGLACIATAM
1267 402 1596 447 DESCRIPTA.

1080 474 1282 506 AchoRss

960 528 1011 573 G·
1045 528 1119 571 W.
1155 528 1377 573 Mchmann.

1124 659 1160 710 ξ.
1199 673 1236 700 1.

509 752 893 869 Experimentum
929 759 1083 801 Hallesii
1119 760 1165 800 dc
1200 759 1472 812 compressione
1509 762 1602 801 :sc-'ris
1644 772 1710 813 per
1743 772 1836 801 con-

635 826 902 880 glaciationcm
940 836 1055 876 aquae
1077 857 1088 874 ,
1121 823 1222 876 quod
1259 824 1296 861 in
1333 823 1452 864 statim
1486 825 1749 877 xcgctabilium
1771 825 1837 864 de·

510 890 652 945 scripsit
673 923 684 941 ,
719 890 937 942 repetiturus
968 887 1077 927 simul
1110 887 1268 940 spatium
1305 889 1400 927 acris
1432 889 1468 927 in
1504 889 1604 942 quod
1646 886 1832 940 compres-

510 953 590 995 sum
623 952 837 993 coarctatur
870 951 1064 990 obseruare
1100 960 1136 989 ct
1169 950 1353 1002 inquirere
1370 952 1539 992 constitui
1561 985 1572 1004 ,
1606 963 1736 991 vtrum
1769 964 1837 991 co-

511 1017 673 1058 arci-itio
706 1016 860 1056 tandem
896 1013 1062 1054 finiretur
1094 1013 1144 1053 ita
1165 1045 1176 1064 ,
1207 1021 1251 1051 vt
1285 1014 1350 1052 ac'r
1382 1016 1516 1054 maiori
1565 1015 1837 1068 comprcffioni

510 1094 545 1122 e.
583 1094 620 1134 g.
654 1079 791 1134 duplae
826 1078 961 1132 triplae
995 1076 1072 1117 fine
1105 1075 1310 1116 voluminis
1343 1075 1589 1118 decremento
1609 1077 1762 1117 sensibili
1783 1090 1841 1117 re-

510 1144 606 1186 sistat
628 1175 640 1196 ,
674 1144 739 1183 vel
773 1142 847 1182 stne
880 1141 956 1181 fine
988 1142 1183 1180 continuet
1217 1141 1266 1179 ita
1287 1170 1298 1190 ,
1331 1149 1374 1178 vt
1415 1153 1574 1180 omnem
1627 1140 1839 1194 inquisitio-

513 1220 604 1248 nem
638 1208 792 1247 inanem
827 1205 968 1245 reddat.
1036 1203 1153 1259 Quod
1187 1202 1233 1241 ad
1267 1201 1450 1241 vltimum
1487 1215 1731 1242 momentum
1753 1205 1839 1243 atti·

511 1281 576 1311 net
613 1270 705 1311 nihil
738 1267 891 1311 definire
926 1266 1034 1321 potui
1054 1299 1065 1319 ‚
1096 1266 1185 1320 quid
1219 1265 1361 1306 ratione
1392 1266 1509 1320 primi
1540 1266 1758 1320 praestitum
1795 1267 1839 1308 fit

512 1333 718 1376 breuissime
754 1331 947 1374 enarrabo.

626 1424 663 1472 5.
689 1441 728 1468 2.
768 1427 890 1468 Variis
925 1426 1078 1469 bombis
1110 1424 1451 1476 Illustr.‚Pmcs1dis
1483 1438 1565 1466 cum
1606 1426 1835 1478 comparatis

511 1504 599 1535 cum
635 1490 695 1534 Cl.
729 1490 1027 1536 Kritzensteinio
1078 1490 1240 1544 sequenti
1281 1492 1426 1531 ratione
1482 1491 1746 1545 experimenta
1776 1501 1835 1529 ce.-

511 1557 649 1613 pimus.

976 1616 1263 1699 Experim.
1309 1614 1352 1672 I.

304 1756 379 1785 aab.
404 1755 451 1783 v1.
636 1747 675 1803 1)
709 1747 844 1790 Fadius
874 1747 927 1787 est
957 1748 1145 1800 cylindrus
1177 1744 1308 1786 solidus
1351 1743 1493 1797 ligneus
1525 1746 1562 1786 A
1582 1741 1617 1784 Β
1636 1777 1646 1796 ,
1696 1746 1757 1800 qni
1789 1745 1839 1787 ab

349 1794 398 1835 ⁶3·
423 1805 446 1826 ¹·
511 1825 585 1854 vna
621 1823 728 1866 parte
763 1821 958 1853 cxcauatus
989 1812 1040 1852 est
1074 1813 1124 1852 ita
1145 1843 1155 1862 ‚
1189 1819 1234 1850 vt
1264 1808 1401 1848 cauitas
1435 1806 1511 1863 (1)
1554 1808 1743 1850 vasculum
1778 1810 1837 1849 vi-

511 1887 634 1917 treum
670 1877 738 1917 ab
774 1874 855 1930 (2)
896 1875 1065 1916 tubulum
1108 1876 1270 1914 vitreum
1320 1871 1498 1926 gracilem
1532 1874 1599 1913 cd
1625 1875 1660 1911 in
1695 1886 1716 1912 c
1750 1871 1832 1912 her-

510 1942 646 1981 metice
679 1938 836 1981 clausum
856 1973 866 1992 ,
898 1936 979 1993 (3)
1013 1939 1167 1980 bulbum
1201 1938 1364 1977 vitreum
1392 1935 1642 1985 cylindricum
1676 1935 1738 1976 de
1758 1968 1768 1987 ,
1795 1936 1834 1976 in

509 2016 620 2056 quem
654 2004 799 2044 tubulus
831 2005 899 2044 cd
925 2003 1051 2043 abibat
1083 2011 1122 2040 et
1152 2001 1215 2053 qui
1257 1998 1304 2038 ab
1336 1997 1443 2036 altera
1475 2007 1581 2051 parte
1620 1997 1757 2039 iterum
1790 2000 1831 2039 in

512 2066 681 2107 tubulum
716 2065 936 2120 gracilorcm
971 2074 1144 2118 apertum
1179 2062 1244 2118 es
1257 2092 1268 2114 ,
1300 2060 1458 2103 fundum
1508 2059 1643 2104 vasculi
1676 2063 1725 2104 ab
1775 2073 1830 2104 at-

513 2131 723 2185 tingentem
753 2129 937 2174 desinebat
957 2158 970 2185 ,
1005 2128 1200 2184 reciperet,
1220 2133 1228 2141 ·

1723 2188 1766 2245 2)
1785 2189 1832 2232 In
