1971 2700
544 181 630 218 160
780 175 867 222 DE
901 172 1366 235 EVAPORATmNE
1398 174 1487 218 EX
1520 177 1683 239 AQVA

538 293 605 333 tari
639 292 784 334 debent.
852 292 947 334 Etsi
980 292 1210 345 contigerit,
1245 301 1288 331 vt
1324 303 1462 344 magna
1495 290 1702 333 differentia
1730 293 1771 335 fit
1805 294 1863 336 inss

537 365 594 397 ter
623 357 857 411 temperiem
889 357 984 396 ae'ris
1014 355 1207 408 superioris
1237 355 1424 396 calidioris
1456 365 1494 394 ct
1535 358 1758 408 temperiem
1794 362 1861 400 ae‘-

535 421 585 460 ris
617 420 795 462 inferioris
828 419 1035 473 superficiei
1088 418 1222 458 telluris
1258 420 1369 458 vicini
1423 418 1625 472 frigidioris
1657 429 1696 459 et
1728 433 1861 476 corpo-

535 495 622 524 rum
654 495 776 536 prope
807 481 1041 536 superficiem
1093 480 1230 522 telluris
1280 482 1432 522 sitorum
1485 495 1696 536 magnaque
1743 484 1862 539 respe-

534 546 600 586 (tu
632 547 844 598 quantitatis
878 546 1056 586 materiae
1106 545 1296 598 {iiperficie
1335 548 1592 600 praeditorum
1630 556 1669 586 et
1705 560 1862 601 vapores

534 609 680 649 fortiter
711 608 939 650 trahentium
960 643 971 662 ,
1004 608 1180 650 collectio
1211 621 1394 662 vaporum
1431 612 1566 664 largior
1616 609 1696 651 fieri
1751 611 1863 652 debet

533 673 573 713 in
604 672 796 726 superficie
837 684 1041 726 corporum
1095 673 1374 727 praedictomm
1395 707 1405 726 ,
1459 673 1678 728 pmciertim
1712 675 1738 715 fi
1771 687 1859 716 cum

531 737 734 790 vaporibus
767 749 818 777 ex
852 736 1044 790 superficie
1079 737 1215 778 telluris
1247 736 1520 778 ascendentibus
1564 740 1749 779 vniuntur.
1818 736 1861 780 Si

533 811 628 840 vero
662 802 786 842 minor
817 801 868 842 est
900 799 1104 841 differentia
1126 833 1137 852 ,
1191 803 1338 854 parcior
1388 803 1581 855 expectari
1634 802 1746 843 debet
1778 801 1862 843 col-

531 862 647 905 lestio
679 877 898 919 vaporum,
933 863 960 905 fi
994 863 1064 904 scil.
1101 863 1361 917 atmosphaera
1401 867 1598 919 acqualiter
1646 867 1776 907 onusta
1807 866 1859 907 est

530 927 746 981 vaporibus.
814 926 913 968 Hinc
946 928 1065 968 etiam
1090 960 1100 978 ,
1135 927 1160 967 {i
1195 928 1331 980 largior
1364 942 1549 983 vaporum
1582 929 1758 972 couestio
1776 942 1860 971 ma·

531 1003 578 1031 ne
609 990 820 1033 obseruetur
841 1023 852 1042 ‚
886 990 949 1031 vel
983 1003 1165 1043 maguam
1202 991 1297 1030 inter
1329 992 1493 1033 calorem
1528 995 1625 1033 ae'ris
1668 993 1858 1048 superioris

530 1055 716 1096 calidioris
745 1066 784 1096 et
817 1056 912 1096 a'e‘ris
944 1053 1124 1095 inferioris
1158 1053 1362 1106 frigidioris
1395 1054 1467 1094 effe
1485 1056 1734 1097 differentiam
1756 1089 1767 1108 ,
1793 1055 1859 1098 vel

531 1121 662 1158 a‘e'rem
700 1118 897 1173 vaporibus
927 1117 1000 1158 csse
1053 1116 1228 1157 onustum
1252 1149 1262 1169 ,
1293 1117 1354 1157 vel
1374 1128 1570 1172 vtmmque
1594 1120 1857 1161 conditionem

529 1181 675 1233 adesse,
710 1191 748 1222 et
783 1181 808 1222 si
841 1182 1069 1222 contrarium
1117 1180 1292 1231 obtinet,
1342 1182 1536 1221 minorem
1588 1183 1659 1222 effe
1710 1183 1856 1224 dictam

529 1243 814 1297 differentiam,
849 1244 909 1286 vel
938 1246 1065 1284 ae'rem
1108 1243 1312 1296 vaporibus
1352 1244 1493 1296 parcius
1538 1255 1734 1298 grauatum
1788 1246 1858 1286 effe

531 1309 594 1350 vel
627 1317 823 1363 Vtramque
852 1307 1116 1350 conditionem
1157 1307 1322 1347 obtinere
1375 1307 1614 1348 iudicandum
1665 1310 1747 1348 erit.
1813 1307 1856 1349 Si

529 1384 649 1425 porro
679 1371 765 1426 post
797 1371 880 1413 solis
910 1370 1079 1412 occasum
1112 1369 1248 1423 largior
1280 1369 1495 1410 obseruatur
1529 1369 1707 1410 collectio
1733 1382 1855 1425 vapo-

529 1448 614 1477 rum
635 1467 648 1488 ,
681 1448 860 1489 magnam
896 1434 994 1476 inter
1028 1434 1254 1487 temperiem
1292 1434 1390 1473 a'c‘ris
1420 1432 1612 1487 superioris
1658 1433 1855 1487 frigidioris

528 1508 568 1540 et
602 1500 832 1554 temperiem
867 1499 961 1540 a'e'ris
990 1497 1195 1553 superficiei
1230 1497 1369 1538 telluris
1401 1497 1604 1551 propinqui
1635 1506 1674 1537 et
1701 1497 1851 1551 superfi-

528 1563 599 1603 ciei
633 1561 774 1604 telluris
815 1561 926 1616 ipfius
975 1562 1160 1602 calidioris
1190 1560 1260 1601 effe
1291 1559 1544 1601 differentiam
1564 1593 1575 1611 ,
1629 1561 1691 1601 vel
1723 1564 1851 1603 a'c'rem

529 1625 730 1680 vaporibus
777 1624 846 1667 effi:
893 1625 1001 1666 valde
1048 1625 1223 1665 onustum
1255 1624 1316 1664 vel
1347 1633 1542 1678 vti-amque
1589 1625 1851 1667 conditionem

528 1689 699 1730 obtinere
718 1722 729 1742 ,
762 1689 967 1731 dicendum
1001 1689 1082 1729 erit.
1150 1688 1298 1729 Parcior
1331 1687 1506 1729 collectio
1540 1701 1726 1743 vaporum
1760 1701 1851 1730 con-

527 1753 682 1795 trarium
718 1752 909 1794 indicabit.

641 1811 679 1861 §-
707 1820 774 1856 16.
811 1815 851 1858 Si
884 1816 1096 1872 respicimus
1127 1816 1173 1857 ad
1208 1815 1430 1870 pamgmphi
1487 1829 1558 1869 14.
1595 1829 1771 1859 numeros
1805 1831 1844 1857 1.

529 1893 570 1921 ι.
607 1890 648 1929 a.
685 1880 825 1922 limites
853 1882 1133 1936 evaporationis
1164 1881 1377 1934 incipientis
1407 1890 1446 1921 et
1479 1881 1710 1921 collectionis
1728 1891 1845 1932 vapo—

526 1956 610 1984 rum
644 1947 890 1986 euanesccntis
919 1959 939 1986 a
972 1958 1038 1986 me
1072 1946 1244 1987 nondum
1279 1944 1349 1984 effe
1382 1942 1612 1994 exastissime
1661 1953 1700 1982 ct
1733 1943 1847 1984 omni

526 2008 646 2048 modo
674 2008 852 2049 definitos
875 2040 885 2059 ‚
922 2019 1037 2061 patet.
1107 2007 1320 2059 Requin'tur
1350 2005 1393 2044 ad
1414 2005 1510 2045 hanc
1530 2019 1611 2046 rem
1647 2009 1655 2052 (
1677 2018 1692 2043 1
1711 2013 1723 2058 )
1745 2007 1848 2046 mul-

524 2078 654 2113 torum
687 2073 990 2111 concurrentium
1024 2070 1163 2120 labor,
1215 2070 1270 2107 vti
1307 2078 1386 2107 rem
1440 2070 1688 2122 perpendenti
1741 2070 1845 2110 facile

523 2143 658 2188 patet,
691 2143 728 2176 et
762 2131 842 2189 (2)
873 2134 1104 2188 requimnmr
1135 2131 1413 2174 thermometra
1463 2133 1510 2175 ad
1540 2132 1814 2176 obseruationes
1832 2164 1844 2184 ,

1748 2207 1842 2252 quo·
