1971 2700
462 177 544 229 DE
572 171 793 227 BEsTns
822 178 1090 228 MARJNIS.
1333 195 1423 238 μ,

118 292 354 335 rubicundior
384 291 610 333 terrestrium
642 289 866 339 animalium
899 292 1067 332 carnibus
1085 324 1096 344 ,
1133 299 1172 332 et
1202 291 1302 346 quod
1347 295 1422 333 mi-

117 370 201 400 rum
223 391 234 409 ,
285 358 400 398 etiam
448 355 678 406 calidissimis.
700 355 826 402 diebus
861 356 899 395 in
932 355 1062 398 libero*
1089 367 1171 396 aere
1220 356 1427 401 diutissime

117 423 253 475 absque
285 420 425 469 foetore
455 418 608 461 seruatur
624 452 636 471 ,
669 419 755 463 licet
789 419 981 461 vermibus
1020 420 1263 474 vndequaque
1304 420 1427 463 obsita

117 485 173 526 fit.
236 484 438 535 Rationem
470 482 579 524 huius
608 484 659 524 rei
690 484 812 537 allego
830 516 841 536 ,
874 484 975 537 quod
1008 497 1101 525 cum
1141 484 1284 525 anlmal
1315 498 1335 526 a
1364 486 1424 525 so-

117 549 160 590 lis
193 549 280 588 fucis
309 556 346 587 et
377 546 499 587 herbis
532 547 688 589 marinis
719 547 932 589 sustentetur
951 579 962 598 ‚
999 546 1070 588 fuci
1099 557 1225 589 autem
1260 547 1302 589 hi
1337 561 1423 602 par-

118 613 211 652 ciori
239 610 410 665 sulphure
429 643 439 663 ,
471 609 617 664 largiori
649 612 828 664 portione
861 610 938 652 salis
970 613 1106 653 marini
1138 622 1177 653 et
1209 612 1297 653 nitri
1329 625 1423 653 con·

118 675 242 728 stent,
271 674 349 715 fiilia
381 674 472 716 haec
506 674 685 728 sulphuris
714 674 998 716 exhalationem
1019 708 1029 728 ,
1063 677 1180 716 carnis
1219 676 1422 716 emollitio-

117 751 209 779 nem
243 748 281 778 et
311 737 569 782 resolutionem
590 771 602 791 ,
635 738 766 779 eadem
800 739 944 778 ratione
976 737 1232 791 prohibeant,
1275 751 1317 779 ac
1371 738 1424 779 sa-

116 801 165 843 lia
183 801 337 855 inspersa
353 804 472 855 carni,
504 811 565 843 aut
596 802 721 843 muria
751 800 848 853 salis,
882 801 993 854 idque
1025 813 1074 840 eo
1092 803 1212 855 magis
1230 833 1241 853 ,
1260 813 1339 853 quo
1365 801 1419 840 in-

117 866 247 906 timius
277 864 368 905 haec
398 865 480 906 salia
511 865 723 906 substantiae
756 865 875 906 carnis
912 864 1093 906 immixta
1136 877 1181 907 ac
1221 876 1311 906 cum
1351 862 1423 906 sul-

112 929 266 984 phureis
297 928 460 982 partibus
489 929 617 969 fortius
644 929 886 969 cohaereant.

231 989 330 1033 Caro
378 992 466 1033 licet
498 993 716 1033 diuturniori
747 992 928 1032 coctione
960 1004 1055 1045 opus
1096 991 1235 1032 habeat
1252 1023 1264 1044 ,
1311 991 1423 1034 coela
1455 1002 1459 1003 ⁷

114 1055 252 1109 optimi
271 1056 407 1108 saporis
437 1055 508 1106 est,
541 1068 612 1095 nec
642 1053 746 1095 facile
774 1068 798 1096 a
828 1054 964 1094 bubula
998 1055 1250 1096 discernenda.
1291 1055 1425 1108 Adeps

114 1118 322 1158 vitulorum
343 1117 488 1159 lardum
506 1117 648 1164 suillum
663 1128 791 1156 recens
809 1116 860 1154 ita
879 1117 989 1154 refert
1006 1146 1017 1165 ,
1051 1124 1093 1154 vt
1110 1118 1182 1155 vix
1211 1115 1391 1156 discernas
1408 1147 1420 1168 ,

110 1193 201 1222 caro
230 1190 353 1219 autem
385 1191 453 1217 nec
484 1180 680 1230 quicquam
715 1189 737 1216 a
767 1175 925 1217 vitulina
954 1176 1110 1229 differt,
1142 1176 1319 1219 coctione
1343 1180 1422 1220 cito

110 1243 299 1284 emollitur
330 1252 371 1281 ac
388 1240 545 1279 durante
564 1252 608 1280 ea
626 1239 737 1279 instar
754 1238 875 1280 suillae
891 1240 1043 1280 iunioris
1060 1242 1108 1281 ita
1128 1241 1359 1294 intumescit,
1377 1250 1422 1283 vt

109 1305 226 1347 altero
244 1313 350 1344 tanto
368 1303 486 1344 maius
505 1303 543 1342 in
561 1303 635 1343 olla
653 1302 721 1343 fibi
738 1302 902 1343 vindicet
919 1304 1101 1357 spatium,
1122 1318 1232 1358 quam
1252 1317 1376 1347 antea.

224 1367 416 1420 Pinguedo
445 1366 664 1418 tendinosa,
698 1367 794 1407 circa
822 1377 937 1420 c.1put
970 1376 1007 1407 et
1039 1371 1193 1409 caudam
1216 1370 1282 1410 vix
1299 1371 1419 1411 elixa-

113 1431 207 1472 tioni
239 1440 374 1485 paret,
408 1429 562 1470 musculi
605 1440 734 1470 contra
751 1462 764 1482 ,
812 1431 1023 1472 abdominis
1043 1463 1052 1480 ‚
1097 1433 1196 1472 dorfi
1247 1443 1286 1472 et
1326 1434 1424 1474 late-s

44 1510 48 1515 ·
111 1507 195 1536 rum
230 1495 339 1547 longe
373 1492 601 1547 praeferendi
620 1493 720 1545 sunt,
749 1493 935 1534 salitur.;m
971 1507 1047 1535 non
1067 1505 1237 1547 tantum,
1258 1506 1301 1535 vt
1320 1496 1417 1537 mul-

113 1558 141 1597 ti
171 1568 360 1611 putarunt,
391 1569 466 1597 non
501 1556 658 1610 respuit,
678 1556 732 1597 ted
765 1567 911 1597 tantum
947 1559 1183 1610 mansuescit,
1205 1568 1247 1599 vt
1264 1559 1421 1599 bubulae

112 1618 237 1662 salitae
270 1633 336 1674 per
368 1625 500 1664 omnia
533 1621 660 1661 fimilis
691 1625 823 1662 euadat
856 1633 895 1662 et
928 1621 1162 1676 sapidiiiima.

167 1730 169 1734 Α
230 1685 373 1725 Viscera
404 1697 497 1737 cor,
528 1697 643 1739 epar,
676 1696 784 1725 renes
803 1718 814 1736 ,
847 1686 959 1726 nimis
990 1688 1078 1727 dura
1110 1685 1216 1737 sunt,
1235 1699 1302 1726 nec
1323 1686 1423 1728 mul-¹

114 1755 198 1789 tum
232 1748 339 1788 nobis
371 1749 537 1800 expetita
567 1759 670 1789 erant
701 1749 751 1789 ob
785 1749 823 1790 id
842 1781 853 1801 ,
884 1750 989 1804 quod
1027 1752 1195 1792 carnium
1248 1753 1420 1792 maxima

115 1814 223 1866 copia
253 1811 354 1850 esset.

229 1873 398 1915 Pondere
431 1874 573 1914 animal
605 1875 768 1916 adultum
803 1876 948 1917 circiter
994 1885 1124 1919 8000.
1182 1878 1294 1919 libras
1348 1882 1419 1923 80.

116 1938 340 1980 centenarios
370 1935 429 1976 seu
467 1949 566 1976 200.
600 1940 675 1992 pud
708 1940 852 1982 Ruffica
887 1943 1039 1993 pendet.

231 2001 268 2040 T
271 2009 351 2039 anta
384 2010 510 2041 autem
543 2000 594 2040 est
625 2004 826 2044 multitudo
864 2004 1000 2045 horum
1056 2006 1274 2047 animalium
1325 2006 1420 2047 cinca

117 2063 210 2106 hanc
244 2064 393 2104 vnicam
426 2064 579 2104 insulam
599 2097 610 2117 ,
640 2077 734 2118 quae
774 2067 1062 2110 1<amt1cnatkae
1101 2069 1233 2110 incolis
1282 2071 1421 2112 alendis

117 2127 327 2170 constanter
357 2126 502 2168 sufficit.

179 2191 218 2231 T
220 2202 302 2232 om.
320 2189 372 2233 11.
392 2192 498 2236 Nou.
518 2190 743 2236 Comment.
974 2196 1013 2236 T
1033 2204 1048 2237 t
1272 2196 1419 2242 Munati
