1971 2700
398 122 658 169 ECLIPSES
689 118 1102 167 LVMINARIVM-
1360 131 1450 173 447

146 247 193 288 ad
226 243 523 286 obseruationem
557 240 681 282 modo
712 239 817 292 supra
853 238 1040 289 descripto
1074 237 1334 277 instituendam
1371 239 1434 278 ido

147 322 219 350 nea
253 316 455 362 appareat,
491 306 636 358 poterit
668 315 802 355 margo
836 300 963 342 Lunae
995 299 1161 353 superior
1191 301 1240 340 ad
1272 300 1449 352 capillum

145 371 184 414 G
204 370 238 412 C
271 369 402 412 ceteris
437 369 585 422 paribus
617 365 842 416 admoueri,
877 375 916 405 et
949 366 987 404 in
1020 363 1096 403 hoc
1128 363 1195 403 fitu
1227 363 1327 403 stella
1359 364 1451 404 desi-

145 437 269 475 derata
298 433 492 486 expectari
512 464 522 482 ,
554 444 641 471 cum
673 443 744 483 qua
761 429 891 469 iisdem
911 424 1224 468 obseruationibus
1251 426 1422 468 institutis
1442 456 1453 477 ‚

145 510 240 552 quae
271 499 308 537 in
342 496 463 548 §pho
493 495 744 534 describuntur
762 524 772 543 ‚
806 491 946 545 positio
977 490 1106 531 Luuae
1139 491 1186 530 ad
1220 502 1302 530 eam
1322 489 1452 530 simul-

145 573 218 614 que
248 559 415 613 respectu
447 559 657 611 aequatoris
677 590 686 607 ‚
722 556 860 596 eodem
901 554 1025 594 modo
1076 564 1119 594 vt
1153 555 1190 592 in
1224 553 1343 607 §pho
1375 553 1452 593 hoc

146 623 283 665 fae‘tum
316 623 369 662 est
388 654 399 673 ‚
431 621 758 662 determinabitur.

260 687 294 735 ξ.
337 698 403 725 10.
439 685 536 725 Fieri
569 695 695 724 autem
731 683 883 723 sort-assis
914 682 1067 736 potest,
1118 692 1163 721 vt
1196 681 1298 723 nulla
1349 681 1453 722 stella

145 749 294 791 Lunam
325 749 503 802 sequens,
539 747 731 793 insitibus
766 745 895 785 Lunae
929 746 974 785 ad
1006 744 1182 797 capillum
1216 744 1255 785 G
1277 743 1310 784 C
1347 744 1454 797 supra

143 813 337 866 deicriptis
368 812 452 866 post
484 811 683 852 dimidium
718 811 834 849 etiam
871 808 990 848 horae
1023 807 1152 847 tubum
1192 807 1423 860 ingrediatur
1442 838 1454 858 ,

143 889 215 930 per
247 876 462 929 sistemaque
496 875 721 927 capillorum
764 870 931 912 transeat.
1006 870 1052 910 In
1085 882 1135 910 eo
1165 871 1247 909 casu
1296 882 1454 924 quaera-

144 949 204 979 tur
236 941 275 978 in
308 939 423 978 coelis
455 937 687 991 inspiciendo
720 949 790 990 per
821 935 955 975 tubum
982 942 1067 975 ante
1086 933 1236 974 Lunam
1256 934 1295 973 in
1312 934 1453 973 vicinia

144 1002 312 1043 eiusdem
347 1001 445 1042 stella
463 1034 474 1052 ,
507 1002 665 1041 eandem
698 1001 847 1039 circiter
886 1011 974 1038 cum
1008 997 1114 1038 Luna
1158 995 1454 1038 declinationem

144 1064 286 1104 habens
305 1097 315 1115 ,
350 1064 415 1104 vel
447 1065 498 1103 ita
531 1065 576 1103 ad
608 1063 759 1103 Lunam
795 1060 915 1115 posita
934 1094 945 1113 ‚
979 1069 1024 1101 vt
1055 1060 1083 1101 fi
1116 1072 1186 1113 per
1202 1061 1370 1101 medium
1397 1068 1452 1098 tu-

145 1128 182 1168 bi
217 1127 373 1166 tmnseat
394 1157 404 1176 ,
440 1127 618 1178 tubusque
651 1127 837 1164 immotus
869 1125 1124 1177 relinquatur,
1157 1122 1266 1162 Luna
1299 1133 1451 1175 quoque

143 1190 275 1230 tubum
307 1196 393 1227 ante
426 1187 629 1227 dimidium
663 1185 781 1226 horae
817 1186 959 1239 ingredi
979 1218 989 1237 ,
1023 1184 1254 1238 capillosque
1287 1185 1455 1225 sistema-

143 1254 188 1292 tis
221 1253 398 1304 attingere
432 1249 554 1303 possit.
622 1251 739 1306 Quod
769 1250 835 1289 vbi
866 1250 1067 1301 euenerit·⁷
1101 1248 1261 1299 eligatur
1292 1249 1331 1287 in
1348 1247 1451 1287 disco

144 1314 275 1356 Lunae
295 1347 305 1367 ‚
339 1315 429 1354 dum
465 1314 597 1355 eadem
633 1315 764 1354 tubum
799 1314 928 1365 primo
959 1312 1043 1364 post
1076 1311 1216 1350 stellam
1261 1320 1453 1364 transgre-

143 1378 241 1419 ditur
259 1410 270 1429 ,
303 1378 486 1430 punctum
518 1375 600 1417 satis
631 1376 849 1417 distinctum
886 1384 925 1415 et
945 1375 1076 1415 medio
1102 1374 1181 1414 tubi
1200 1375 1455 1427 proximum,

144 1441 426 1493 obserueturque
465 1446 528 1478 1⁷⁷¹⁰
563 1440 731 1481 transitus
766 1438 895 1492 pune'ti
930 1438 1038 1478 huius
1070 1449 1140 1489 per
1172 1438 1363 1478 distantias
1396 1438 1453 1477 in-

145 1504 235 1545 terse
267 1503 487 1557 capillorum
522 1515 684 1554 omneS,
725 1504 763 1541 in
797 1503 866 1542 situ
897 1501 1023 1554 capilli
1057 1499 1096 1541 G
1121 1498 1155 1539 C
1189 1501 1234 1540 ad
1269 1501 1449 1540 diurnum

143 1568 275 1622 puncti
309 1567 511 1620 parallelo,
547 1577 584 1606 et
616 1576 795 1619 tempora
826 1565 1046 1604 transituum
1098 1576 1166 1616 per
1199 1576 1452 1617 vnamquam-

143 1643 213 1685 que
263 1630 470 1671 dlstantiam
530 1629 681 1670 seorsim
741 1637 919 1669 notentur
947 1659 958 1678 ‚
1007 1626 1190 1680 fimulque
1239 1627 1453 1668 inueniatur

142 1694 275 1747 punCti
308 1694 415 1733 huius
445 1693 549 1734 locus
581 1694 616 1733 in
649 1693 749 1734 disco
788 1691 919 1733 Lunae
938 1724 948 1743 ,
997 1692 1057 1731 seu
1087 1690 1228 1744 positio
1285 1691 1454 1732 eiusdem

145 1758 184 1797 in
217 1756 334 1796 coelis
365 1756 536 1808 respectu
568 1757 687 1794 centri
720 1755 849 1795 Lunae
869 1788 880 1805 ‚
915 1756 1054 1794 eodem
1091 1755 1217 1794 modo
1253 1766 1332 1806 quo
1358 1755 1462 1808 pofi·

147 1820 272 1859 tiones
305 1820 536 1858 macularum
559 1817 748 1858 Solarium
785 1819 822 1857 in
856 1816 956 1857 disco
990 1816 1087 1857 Solis
1122 1817 1242 1869 vulgo
1260 1817 1454 1858 obseruan-

148 1892 226 1932 tur,
252 1891 295 1921 vt
319 1880 352 1922 sc
375 1914 383 1921 .
418 1881 734 1935 perpendicularis
765 1893 786 1919 e
820 1881 964 1934 puncto
998 1881 1067 1920 illo
1101 1881 1136 1919 in
1171 1882 1347 1921 diurnum
1366 1893 1457 1922 cen·

148 1947 193 1985 tri
224 1945 351 1985 Lunae
384 1941 544 1986 demissa
563 1978 574 1996 ,
604 1955 642 1984 et
676 1944 844 1984 distantia
877 1943 1134 1997 perpendiculi
1170 1943 1280 1985 liuius
1312 1958 1332 1984 a
1364 1958 1460 1985 cen-

147 2018 208 2048 tro
237 2008 365 2049 Lunae
405 2010 444 2049 in
475 2008 615 2049 eodem
649 2008 814 2059 diurno,
848 2020 916 2046 nec
949 2020 1025 2047 non
1058 2009 1243 2047 diameter
1267 2007 1356 2047 disci
1377 2008 1455 2048 Lu-

146 2083 216 2113 nae
251 2071 534 2114 osculationibus
564 2071 758 2126 horologii
789 2072 835 2112 ad
870 2081 1023 2112 motum
1058 2070 1184 2111 Lunae
1225 2071 1353 2111 relatis
1386 2084 1456 2111 ex-

1303 2134 1452 2188 pressae
