1971 2700
527 292 877 336 ATMOMETRI
911 292 1033 334 SIVE

191 355 616 418 MACHINAE
682 351 1392 415 HYDROSTATICAE

137 448 217 491 AD
251 439 733 488 EVAPORATIONFM
767 440 963 496 AQVAE
1012 439 1239 482 CERTAE
1289 443 1433 485 TEM-

152 509 330 552 PERIEI
349 502 794 548 MENSVRANDAM
814 504 997 544 APTAE
1022 501 1418 548 CONSTRVCTIO

179 570 339 613 TALIS
359 603 369 621 ,
389 569 462 609 VT
482 567 586 608 OPE
605 566 783 608 ILLIVS
812 566 1259 610 DECREMENTVM
1278 569 1404 610 PAV-

198 633 395 677 CORVM
427 628 753 673 GRANORVM
787 629 1103 673 OBSERVARI
1147 632 1223 672 ET
1255 632 1370 674 LEX

255 693 704 740 EVAPORATIONIS
754 692 1114 736 CONFIRMARI
1134 692 1328 738 POSSIT.

692 764 743 794 Av
756 763 893 793 crona

576 816 626 861 G·
661 817 732 862 W.
768 814 986 859 Richmann.

349 1069 587 1111 nomenaque
619 1055 798 1096 naturalia
833 1056 1026 1107 explicare
1062 1052 1263 1094 secundum
1311 1066 1439 1095 recen-

351 1121 466 1159 tiores
495 1119 665 1159 scientiae
686 1118 860 1157 naturalis
878 1118 1040 1156 cultores
1080 1118 1126 1157 ad
1157 1118 1299 1169 ingenii
1316 1117 1440 1157 osten-

142 1183 336 1222 dationem
367 1182 488 1232 magis
520 1181 608 1220 fiicit
626 1211 636 1230 ‚
668 1191 780 1232 quam
814 1179 860 1218 ad
909 1179 1098 1218 scientiam
1130 1179 1338 1219 naturalem
1357 1191 1440 1220 am-

140 1243 394 1295 plificandam.
460 1242 582 1282 Iidem
632 1243 678 1283 ad
713 1242 975 1295 experimenta
1011 1241 1138 1295 potius
1185 1243 1363 1295 pertinaci
1398 1250 1438 1294 et

140 1303 314 1345 indeieffo
347 1304 464 1345 studio
497 1305 715 1346 instituenda
747 1304 1000 1345 adhortantur.
1067 1303 1227 1346 Monito
1260 1304 1338 1346 hoc
1370 1298 1459 1345 ex?

140 1368 273 1409 citatus
292 1400 302 1420 ‚
334 1370 374 1409 in
405 1367 577 1408 doc'trina
610 1368 656 1408 de
698 1368 965 1421 euaporatione
985 1399 996 1419 ,
1028 1368 1067 1407 in
1100 1380 1169 1421 qua
1223 1368 1340 1409 multa
1376 1368 1440 1409 ad-

141 1429 215 1470 hue
254 1431 426 1471 industria
464 1431 631 1472 scientiae
666 1430 834 1471 naturalis
865 1430 1111 1471 studiosorum
1157 1432 1327 1484 indigent
1345 1463 1355 1482 ,
1395 1438 1440 1470 vt

146 1493 332 1535 maiorem
364 1495 489 1535 lucem
523 1495 796 1547 adipiscantur,
828 1494 930 1534 varia
962 1495 1168 1534 tentamina
1199 1494 1350 1547 suscepi.
1386 1493 1442 1533 Vt

144 1556 245 1595 viam
295 1557 390 1597 mihi
441 1570 613 1609 pararem
664 1560 702 1598 in
736 1559 960 1610 propiorem
993 1558 1049 1597 rei
1080 1557 1357 1610 inquisitionem
1390 1555 1444 1594 le-

146 1629 232 1670 gem
280 1619 506 1660 decrementi
556 1629 593 1661 et
641 1621 864 1661 incrementi
901 1619 1036 1660 caloris
1066 1628 1107 1659 et
1134 1619 1280 1673 frigoris
1328 1629 1444 1671 aquae

146 1680 185 1718 in
225 1681 399 1722 constanti
447 1684 542 1723 aeris
590 1685 771 1737 temperie
821 1682 1032 1736 inuestigaui
1066 1691 1104 1722 et
1135 1682 1319 1723 deteE’mm
1353 1693 1442 1721 cum

150 1740 338 1782 Societate
376 1747 661 1786 communicaui.
735 1747 927 1787 Probabile
956 1747 1058 1786 enim
1092 1746 1146 1786 est
1179 1747 1297 1786 visum
1318 1777 1329 1796 ‚
1359 1755 1444 1783 eua-

151 1806 389 1857 porationem
424 1808 607 1857 quandam
638 1822 724 1847 cum
758 1808 825 1848 hac
858 1809 940 1861 lege
972 1810 1250 1849 connexionem
1291 1807 1443 1847 habere.

152 1866 386 1907 Diuerssimis
424 1867 511 1907 hinc
558 1869 747 1909 methodis
795 1871 922 1922 postea
970 1871 1279 1923 euaporationem
1329 1880 1446 1922 aquae

153 1929 362 1971 mensurare
396 1931 541 1969 tentani.
608 1930 766 1971 Silentio
796 1934 998 1984 praeterire
1029 1933 1138 1972 liceat
1156 1933 1354 1973 tentamina
1371 1931 1445 1971 fru-

152 1991 219 2032 stra
255 1990 410 2043 suscepta
430 2023 440 2041 ‚
471 2004 561 2043 quae
593 1992 831 2033 nihilominus
860 1995 1061 2036 effecerunt
1081 2028 1091 2046 ,
1123 2005 1167 2034 vt
1192 1997 1230 2035 in
1249 1995 1442 2035 meliorem

157 2054 390 2106 propositum
425 2055 628 2106 exequendi
649 2058 833 2097 rationem
862 2057 1068 2098 inciderim.
1123 2057 1249 2109 Hanc,
1276 2058 1356 2111 quia
1393 2056 1442 2097 fic

155 2125 368 2167 comparata
379 2117 441 2165 est,
461 2126 504 2157 vt
514 2116 579 2157 fini
587 2118 921 2161 conuenientiffima
931 2122 1097 2163 videatur
1105 2132 1325 2176 proponere
1333 2119 1439 2160 volo.

223 2178 344 2221 Tom.
380 2178 431 2221 11.
451 2179 552 2222 Nou.
574 2177 794 2222 Comment‚
1039 2184 1087 2241 Q
1340 2182 1375 2233 ξ.
1400 2192 1439 2221 2.

158 966 193 1137 Ι
262 964 295 1135 Ι
316 992 513 1049 ypotheses
543 993 679 1035 sancire
698 1024 709 1044 ‚
727 1004 780 1034 ex
799 992 841 1032 iis
858 990 1117 1032 conclusiones
1135 990 1303 1031 deriuare
1321 988 1439 1044 phae—
1454 1007 1526 1039 Tab.
1543 1010 1595 1038 111-
