1971 2700
395 175 482 216 DE
506 172 664 218 BESTI
665 173 716 215 IS
745 170 1011 218 MARINIS.
1305 189 1329 230 ³
1341 191 1358 218 1
1369 193 1390 222 ι

99 298 182 327 rum
213 297 255 326 ac
286 286 525 328 ventriculum
551 285 674 338 potius
702 284 821 325 calore
852 284 915 325 suo
946 283 1094 337 fouere,
1124 296 1239 338 quam
1270 288 1395 328 conti-

98 361 182 390 nere
216 348 370 388 videtur.
435 348 597 388 Interior
627 348 822 388 ventriculi
868 347 990 389 tunica
1038 348 1193 389 candida
1211 379 1224 400 ,
1272 350 1396 403 glabra

98 423 167 451 nec
203 410 326 464 rugosa
360 422 427 450 nec
458 410 585 449 villosa
617 410 696 462 est,
729 411 829 464 quod
862 422 959 450 vero
992 412 1168 451 maxime
1216 411 1394 465 singulare

97 485 136 513 et
170 473 262 514 forte
312 474 432 512 multis
479 472 693 512 incredibile
721 474 810 514 illud
845 473 896 514 est
913 504 925 525 ‚
958 474 1059 526 quod
1087 474 1298 527 glandulam
1325 474 1397 516 hu-

96 537 198 576 mani
231 536 357 588 capitis
386 536 639 587 magnitudine
673 537 821 577 oualem
855 548 932 576 non
965 537 1098 589 procul
1147 537 1194 577 ab
1226 537 1393 578 infimio-

98 611 145 638 ne
194 597 402 651 Oesophagi
434 599 472 637 in
526 599 772 640 ventriculum
822 601 1037 640 inueneram
1095 600 1134 640 in
1167 599 1247 654 ipso
1296 612 1394 641 ven-

96 662 228 701 triculo
258 670 467 701 contentam
488 691 498 711 ‚
531 661 653 714 illique
685 662 799 703 veluti
818 663 952 714 grande
969 663 1174 702 aueurisma
1201 665 1393 716 quoddam

96 725 268 764 adnatum
310 725 403 763 inter
435 727 597 764 tunicam
649 724 893 764 mul‘culoli1m
947 733 986 763 et
1033 723 1253 766 neruosam:
1303 725 1393 767 haec

97 786 266 838 glandula
297 798 365 839 per
394 787 558 826 tunicam
593 785 757 826 villosam
790 787 916 827 multis
949 786 1049 839 poris
1078 795 1116 825 et
1149 786 1250 826 ostiis
1290 797 1394 840 pate-

98 848 185 900 bat,
217 849 394 903 liquorem
427 850 593 891 albidum
614 879 626 898 ,
663 849 889 890 consistentia
921 861 963 888 ac
994 848 1118 889 colore
1157 850 1396 902 pancreatico

96 910 254 952 similem
295 913 332 951 in
372 914 567 953 ventriculi
606 925 741 953 cauum
788 912 938 965 copiose
985 910 1162 951 fundebat
1181 942 1193 963 ‚
1242 911 1396 955 adhibui

94 971 180 1012 huic
213 973 373 1014 insolitae
391 977 444 1014 rei
478 977 607 1017 testem
636 973 959 1027 sub-Chirurgum
992 972 1143 1026 Bettge.
1188 971 1302 1014 Cuius
1330 976 1394 1015 in-

94 1035 187 1076 dolis
217 1036 278 1076 hic
310 1038 435 1078 succus
467 1039 531 1089 sit,
564 1038 701 1090 duplici
734 1037 887 1077 fortuito
905 1037 1174 1089 experimento
1191 1038 1390 1091 cognoui;

95 1097 201 1138 Nam
234 1112 319 1139 cum
354 1112 424 1153 per
454 1113 569 1153 poros
599 1102 739 1139 tunicae
769 1099 954 1138 interioris
983 1097 1154 1137 tubulum
1172 1108 1392 1154 argenteum

94 1160 341 1200 immitterem
355 1190 366 1210 ,
394 1171 437 1200 vt
454 1162 541 1200 flatu
573 1160 739 1199 immisso
758 1161 832 1199 vias
849 1159 1073 1198 excretorias
1096 1157 1358 1211 cognoscerem
1377 1193 1390 1215 ‚

94 1222 235 1261 tubulus
262 1223 363 1274 niger
392 1222 522 1272 euafit,
557 1230 599 1260 vt
628 1230 783 1275 argento
813 1221 860 1261 ab
892 1221 1000 1261 acido
1031 1220 1211 1274 sulphuris
1242 1214 1398 1264 continss

93 1294 179 1335 gere
212 1282 300 1323 solet
318 1315 329 1333 ,
367 1282 468 1323 idem
510 1281 697 1325 obseruaui
741 1296 829 1324 cum
870 1283 931 1324 sub
951 1309 966 1314 -
984 1281 1161 1337 Chirurgi
1211 1283 1390 1339 discipulo

89 1345 292 1399 Archippo
324 1346 578 1387 Konowalow
608 1346 846 1400 imperassem
867 1379 879 1398 ,
918 1360 993 1400 quo
1025 1347 1196 1401 manlbus
1248 1350 1387 1389 ventri-

91 1407 160 1446 culi
193 1418 365 1448 contenta
405 1409 567 1460 eiceret,
598 1423 672 1464 quo
704 1409 831 1450 labore
863 1409 973 1449 finito
1002 1408 1157 1450 annulus
1195 1421 1389 1462 argenteus

91 1468 248 1521 digitum
281 1472 429 1524 cingens
461 1473 597 1512 eodem
628 1473 756 1513 colore
788 1472 942 1512 infeerus
973 1472 1052 1512 fuit.

207 1531 365 1573 Interior
396 1535 592 1575 ventriculi
627 1535 748 1575 tunica
781 1547 801 1575 a
834 1535 1020 1574 lumbricis
1036 1535 1198 1582 candidis
1216 1540 1229 1582 ξ
1247 1535 1387 1589 pedem

92 1592 235 1646 longiS,
270 1595 393 1647 quibus
412 1606 508 1638 totus
539 1599 778 1648 ventriculus,
814 1595 992 1650 pylorum
1010 1608 1047 1637 et
1077 1598 1291 1638 duodenum
1316 1596 1390 1639 sca-

93 1656 215 1706 tebat,
250 1656 430 1709 perforata
464 1657 562 1711 erat',
581 1671 617 1701 et
648 1660 817 1701 lumbrici
847 1660 885 1699 in
904 1659 1092 1712 glandulae
1111 1672 1243 1700 cauum
1271 1672 1389 1715 vsque

93 1727 369 1769 penetrauerant
388 1753 399 1772 ‚
431 1722 597 1772 glandula
631 1723 764 1763 disciffir
796 1722 991 1775 copiosum
1022 1721 1166 1763 succum
1199 1721 1387 1764 fundebat.

93 1778 189 1820 Non
238 1779 340 1820 licuit
393 1783 544 1834 posthac
578 1784 695 1836 plures
725 1785 944 1839 ventriculos
992 1786 1206 1827 examinare
1238 1787 1288 1826 ob
1319 1786 1358 1826 id
1377 1816 1389 1837 ,

95 1842 192 1895 quod
258 1843 461 1883 nescefflrio
510 1846 647 1886 auxilio
709 1849 876 1887 carebam
896 1878 907 1896 ‚
976 1858 1043 1886 nec
1100 1859 1190 1887 cum
1265 1849 1389 1901 paucis

92 1903 230 1944 animal
261 1904 372 1944 semel
415 1907 577 1947 inuenire
629 1909 748 1948 iacens
780 1909 817 1948 in
848 1906 995 1948 dorsum
1028 1917 1173 1949 vertere
1206 1909 1354 1963 poffem
1374 1941 1386 1963 ,

90 1978 283 2019 propterea
315 1966 472 2019 dubito,
508 1981 554 2008 an
588 1968 678 2026 haec
710 1969 895 2024 glandula>
913 1982 970 2011 res
1004 1971 1195 2024 constans,
1232 1973 1299 2020 vel,
1315 1985 1386 2028 po·

91 2030 157 2071 tius
190 2030 401 2073 morbidum
431 2031 517 2085 quid
549 2032 669 2074 suerit.

1235 2159 1386 2213 Pylorus
