1971 2700
552 215 643 255 226
733 207 1060 258 HOROLOG‘II
1090 203 1314 256 PERPET
1313 204 1394 253 VO
1443 203 1676 254 MOBms

553 328 587 371 ri
622 323 649 384 ζ
679 327 810 371 fimilis
850 328 986 381 absque
1019 339 1171 368 remora
1206 335 1369 379 tamen3
1418 324 1502 365 axis
1551 334 1649 366 vero
1693 325 1834 369 rotulae
1863 341 1881 369 ε

556 393 733 435 firmetur
765 394 811 434 ad
847 393 992 433 mdium
1027 401 1135 432 rotae
1168 390 1387 446 principalis
1419 388 1645 444 horologii;
1678 388 1753 444 ipa
1783 401 1883 433 rotu-

558 459 591 499 la
628 473 644 498 ε
679 469 771 497 vero
804 466 889 510 agat
923 456 962 495 in
995 455 1125 496 dentes
1145 489 1155 508 ,
1202 455 1441 510 peripheriac
1489 454 1658 494 interiori
1705 453 1883 497 cochleae

557 521 621 561 vel
653 521 811 572 cylindri
843 517 1004 573 incis053
1040 529 1080 559 et
1112 521 1309 561 exterioris
1341 518 1581 573 periplicriae
1613 518 1745 559 dentes
1773 516 1884 560 solito

556 585 683 625 modo
719 584 787 624 lint
819 582 975 636 serrati,
1013 593 1056 624 vt
1089 596 1259 626 remorae
1290 585 1391 625 vices
1423 583 1590 624 sustinere
1624 581 1795 638 poffint3
1833 580 1884 624 fi-

556 648 628 689 cile
663 646 752 689 hine
787 647 1032 700 intelligitur,
1067 649 1131 689 axi
1161 648 1342 690 cochleae
1373 648 1433 689 vel
1464 647 1619 699 cylindri
1637 644 1782 688 inuerso
1798 657 1888 688 mo-

557 713 612 753 do
645 723 722 766 ope
766 712 964 753 clauiculae
1005 713 1288 768 circumgyrato
1307 744 1318 766 ,
1358 711 1553 754 cochleam
1588 710 1651 752 vel
1675 710 1889 764 cylindrum

560 775 682 830 ipsum
716 777 907 817 contrario
941 786 1051 818 motu
1083 779 1253 819 conuerti
1284 787 1324 819 et
1354 778 1536 819 elatercm
1568 775 1615 817 (ic
1650 774 1791 817 intendi
1825 772 1889 816 vel

560 840 710 894 pondus
745 840 892 881 elcuari.
960 839 1031 881 Per
1062 841 1256 884 astionem
1287 853 1384 882 vero
1416 850 1521 882 rotae
1553 837 1580 896 ζ
1609 841 1647 881 in
1682 838 1846 882 rotulam
1870 851 1889 880 ε

560 915 599 944 et
632 916 699 957 per
731 903 977 945 resistentiam
1017 904 1188 946 dentium
1238 905 1421 947 interioris
1469 905 1711 960 peripheriae
1761 911 1892 945 comm

559 966 740 1008 eamdem
759 1000 772 1019 ,
806 977 887 1008 rota
919 967 1109 1022 horologii
1144 967 1219 1023 ipfii
1251 970 1290 1010 in
1320 978 1474 1011 motum
1514 970 1724 1011 concitatur
1763 967 1893 1010 secun·

559 1031 655 1072 dum
689 1031 870 1072 eamdem
904 1031 1156 1073 direstionem
1176 1065 1188 1085 ,
1222 1044 1293 1087 qua
1327 1032 1505 1074 clauicula
1538 1034 1772 1074 conuertitur
1790 1063 1802 1084 ,
1826 1028 1894 1072 vel

560 1107 633 1149 qua
667 1096 854 1136 ordinarie
904 1095 1182 1150 circumagitur.
1263 1094 1303 1141 Si
1345 1097 1426 1137 iam
1475 1096 1720 1149 horologium
1771 1094 1897 1137 minin

562 1158 793 1199 construatur
814 1191 825 1211 ‚
862 1159 1046 1212 portatilis
1077 1160 1189 1201 instar
1207 1193 1218 1213 ,
1252 1161 1354 1213 quod
1388 1172 1456 1215 per
1486 1159 1774 1202 hebdomadem
1805 1170 1896 1200 mo-

564 1230 649 1261 tum
684 1220 790 1262 suum
826 1223 1043 1263 continuare
1077 1223 1207 1274 valet,
1238 1224 1285 1263 ad
1316 1223 1424 1263 cuius
1461 1223 1662 1264 cochleam
1712 1223 1834 1263 rotula
1866 1218 1898 1263 δ

564 1283 684 1325 affixa
718 1283 884 1340 lmecque
915 1297 1006 1326 cum
1041 1294 1125 1327 totu
1166 1297 1360 1341 compage
1412 1286 1495 1341 Fig.
1529 1285 1563 1326 1.
1599 1296 1772 1325 connexa
1819 1285 1897 1338 fit,

563 1349 653 1390 dico
672 1381 682 1401 ‚
717 1347 891 1390 machina
924 1347 997 1390 hac
1030 1349 1302 1391 mutationibus
1331 1349 1467 1391 caloris
1496 1359 1534 1389 et
1566 1348 1713 1402 frigoris
1749 1357 1898 1390 mmm-

564 1412 661 1452 libus
693 1412 867 1465 exposita
887 1444 901 1464 ,
934 1412 1075 1454 elaterc
1108 1412 1223 1454 semel
1272 1412 1418 1453 intenst)
1448 1412 1512 1453 vel
1564 1411 1734 1467 pondere
1777 1411 1895 1454 scmel
1933 1444 1940 1451 .

571 1475 717 1516 eleuato
734 1508 746 1529 ‚
780 1475 1028 1531 horologium
1061 1487 1289 1532 perpetuum
1322 1476 1471 1518 mobile
1501 1476 1574 1518 effi:
1604 1474 1785 1517 limitum.

686 1603 723 1651 §.
746 1615 789 1654 4.
827 1604 892 1645 Ad
926 1602 1073 1646 huncce
1105 1603 1287 1647 effectum
1319 1603 1655 1646 demonstrandum
1688 1614 1739 1645 ex
1771 1602 1898 1646 obser-

567 1665 784 1708 vationibus
817 1669 1126 1724 meteorologicis
1143 1669 1305 1723 plurium
1324 1681 1512 1711 annorum
1534 1669 1707 1723 suppono
1725 1669 1895 1710 mediam

568 1729 761 1772 summam
797 1731 1021 1787 singularum
1073 1735 1327 1775 varizitionum
1381 1734 1514 1774 caloris
1545 1742 1584 1774 et
1631 1732 1777 1787 frigoris
1827 1744 1898 1788 per

566 1794 675 1836 diem
709 1795 782 1836 cfl'c
813 1798 859 1838 ad
895 1798 1102 1838 minimum
1129 1807 1150 1847 5
1183 1798 1368 1852 graduum
1397 1797 1663 1838 tliermomctri
1683 1796 1896 1838 fiihrenhei·

570 1859 654 1900 tiani
680 1892 691 1912 ,
727 1860 788 1902 vel
821 1874 890 1915 per
923 1860 1207 1903 hebdomadem
1247 1872 1302 1911 35
1326 1862 1520 1916 graduum.
1585 1861 1810 1914 Plerumque
1829 1872 1898 1902 ve-

568 1935 612 1963 ro
647 1924 771 1965 multo
805 1925 933 1967 maior
963 1925 1026 1966 est.
1092 1924 1180 1967 Iam
1213 1927 1320 1980 virga
1354 1940 1386 1977 4
1415 1927 1532 1980 pedes
1563 1925 1675 1978 longa
1707 1936 1757 1965 cx
1791 1935 1897 1980 praee

571 1985 704 2040 scripta
743 1990 908 2030 mixtura
940 1988 1011 2030 fiisa
1043 1990 1274 2043 expanditur
1304 1989 1351 2030 ad
1386 1996 1450 2039 ,ξω
1471 1987 1616 2042 pollicis
1642 1989 1764 2042 magis
1780 1999 1892 2043 quam

571 2050 710 2091 ferrum
746 2053 915 2093 ciusdem
950 2052 1225 2105 longitudinis,
1268 2052 1294 2092 si
1327 2051 1430 2091 calor
1482 2063 1550 2105 per
1587 2046 1631 2102 5⁰
1663 2051 1826 2106 crescit;
1856 2058 1896 2091 et

575 2113 621 2152 ad
656 2119 701 2160 ³3„
738 2114 881 2168 pollicis
900 2147 910 2164 ,
944 2114 1091 2155 ficalor
1121 2126 1187 2168 per
1208 2109 1281 2162 :35⁶
1318 2115 1457 2155 crescit.
1528 2115 1802 2170 Multiplicatur
1825 2126 1895 2155 ve·

570 2188 615 2219 m
646 2176 739 2219 haec
770 2177 955 2235 expansio
987 2190 1059 2234 per
1091 2177 1219 2220 vectes
1252 2178 1497 2223 intermedios
1515 2211 1526 2233 ,
1568 2181 1786 2235 quibuscum
1819 2179 1896 2219 vir„

1830 2253 1901 2299 gae
