1971 2700
466 166 544 208 DE
579 162 789 207 BESTIIS
822 158 1095 209 MARINIS.
1350 179 1440 218 357

144 286 267 334 enim,
301 292 345 322 vt
377 279 566 334 aliquoties
599 278 677 318 vidi
697 310 707 328 ,
741 276 936 318 confestim
956 287 1180 328 accurrunt,
1214 278 1264 317 ita
1298 288 1336 317 et
1368 280 1442 317 foe-

140 348 268 387 mellzis
300 345 498 399 prohibere
531 355 607 382 non
641 342 805 393 audent,
853 354 928 395 quo
970 344 1094 382 minus
1143 353 1235 381 cum
1283 341 1449 381 leonibus

143 412 289 450 marinis
324 409 458 449 ludant.
519 455 523 459 Ι

256 471 398 512 Interea
431 470 506 510 hoc
537 468 724 509 curiolum
756 469 809 509 est
832 499 842 518 ‚
877 470 975 522 quod
1012 468 1083 509 vrfi
1116 469 1248 509 marini
1290 480 1370 508 non
1402 477 1447 508 vt

146 537 311 585 manati,
344 535 488 588 phocae
509 566 519 585 ,
559 533 670 573 lutrae
695 534 861 573 marinae
893 543 955 572 aut
982 532 1104 573 leones
1133 533 1289 584 marini,
1326 531 1447 572 vbiuis

146 601 315 640 locorum
346 600 385 638 in
416 597 526 637 litore
559 597 666 637 huius
697 596 830 636 insulae
860 598 1092 649 reperiuntur
1113 627 1125 648 ,
1160 608 1291 636 verum
1312 595 1451 636 solum-

146 664 266 703 modo
315 663 351 702 in
388 660 626 702 meridionali
676 669 779 713 parte
829 659 934 699 huius
982 660 1149 712 insulae,
1199 672 1294 713 quae
1347 658 1452 699 terris

145 725 419 766 Kamtschaticis
466 723 682 764 obuertitur.
762 723 878 764 Ratio
910 732 1041 764 autem
1075 723 1114 762 in
1149 732 1334 775 promptu
1369 721 1450 773 est,

146 788 240 829 hanc
272 801 409 842 nempe
442 797 589 842 partem
624 787 790 841 primum
824 785 1055 838 conspiciunt
1075 817 1086 834 ‚
1112 785 1204 825 dum
1224 796 1245 824 e
1263 796 1453 838 promon—

144 853 248 893 torio
276 852 543 894 Kronozkienfi
576 851 647 891 huc
680 849 803 890 versus
833 850 1018 890 orientem
1073 856 1232 903 pergunt
1251 880 1262 899 ,
1313 848 1352 888 in
1383 847 1453 886 bo-

147 916 230 956 reali
263 927 368 970 parte
402 929 480 957 non
513 915 580 957 nisi
609 914 720 968 aliqui
752 925 820 967 per
852 923 1018 953 errorem
1051 912 1126 953 huc
1161 911 1299 965 delapsi
1349 911 1454 951 inue-

146 981 303 1020 niuntur.

258 1044 371 1099 Quod
391 1045 436 1084 ad
455 1042 696 1083 venationem
732 1040 869 1080 horum
900 1039 1120 1080 animalium
1155 1039 1310 1089 attinet,
1339 1050 1360 1079 a
1387 1048 1456 1077 no-

146 1105 201 1144 bis
232 1106 270 1145 in
298 1107 515 1145 continente
546 1105 713 1157 primum
749 1103 931 1152 lapidibus
965 1102 1192 1151 obcoecati,
1228 1102 1315 1138 dein
1357 1098 1458 1138 fusti-

145 1168 209 1206 bus
242 1168 420 1206 interfecti
454 1167 627 1215 fuerunt,
661 1166 795 1215 absque
826 1163 906 1202 vllo
940 1163 1127 1214 artificio,
1178 1162 1274 1203 adeo
1325 1170 1455 1202 autern

143 1231 291 1269 viu-aces
307 1226 406 1278 sunt,
435 1237 479 1266 vt
511 1226 587 1266 duo
617 1236 734 1266 tresue
766 1225 942 1266 homines
971 1226 1083 1267 clauis
1111 1226 1240 1279 ligneis
1258 1226 1379 1278 capita
1399 1222 1457 1264 so-

142 1292 223 1332 lum
258 1291 429 1332 ferientes
447 1323 458 1342 ,
491 1289 658 1330 ducentis
688 1290 820 1330 ictibus
853 1289 919 1329 vix
967 1289 1197 1330 conficerent
1238 1298 1275 1328 et
1315 1287 1456 1340 saepius

143 1354 198 1394 bis
228 1365 291 1395 aut
322 1364 380 1395 ter
397 1353 575 1409 quiescere
609 1363 648 1393 et
679 1352 779 1393 vire's
811 1365 986 1406 reparare
1019 1354 1140 1394 coacti
1182 1352 1314 1392 filerint
1332 1383 1343 1404 ,
1377 1362 1458 1390 cra-

143 1419 207 1457 nio
238 1419 277 1458 in
310 1429 472 1459 minutas
512 1427 637 1470 partes
684 1415 858 1457 diffracto
904 1429 948 1456 ac
997 1418 1149 1456 cerebro
1198 1426 1296 1467 pene
1346 1411 1457 1453 omni

145 1480 256 1520 effuso
275 1513 285 1532 ,
316 1482 488 1523 dentibus
519 1481 697 1521 omnibus
727 1480 946 1520 euerberatis
964 1512 975 1531 ,
1007 1479 1129 1520 nihilo
1161 1487 1287 1518 tamen
1337 1477 1458 1517 minus

126 1544 296 1596 vpedibus
326 1546 451 1586 insistit
482 1558 525 1585 ac
560 1556 730 1598 pugnarn
763 1544 960 1583 continuat
980 1575 990 1595 ,
1024 1552 1061 1582 et
1093 1543 1139 1583 de
1177 1540 1350 1581 industria
1389 1538 1457 1579 vni

145 1609 312 1647 cranium
345 1608 432 1662 fregi
462 1620 499 1649 et
529 1608 659 1648 oculos
690 1606 765 1647 elisi
785 1640 795 1657 ‚
827 1608 914 1647 dein
948 1605 1095 1647 miffum
1138 1605 1240 1657 feci,
1293 1604 1358 1658 qui
1391 1602 1458 1643 ab-

149 1669 236 1710 hinc
277 1672 358 1724 plus
405 1685 516 1726 quam
551 1674 641 1712 duas
671 1669 894 1722 (eptimanas
926 1671 965 1710 in
1000 1682 1081 1715 vno
1121 1669 1213 1710 loco
1261 1669 1370 1708 viuus
1417 1673 1458 1706 et

150 1733 336 1773 immotus
367 1736 484 1775 veluti
517 1735 631 1774 statua
661 1733 776 1773 stetit.

265 1795 310 1836 In
342 1796 439 1835 mari
468 1797 566 1836 circa
598 1805 709 1835 terras
744 1795 1038 1835 Kamtschaticas
1084 1794 1260 1835 rariffime
1295 1795 1332 1833 in
1365 1803 1460 1833 con-

150 1858 336 1898 tinentem
367 1869 536 1909 exeunt,
567 1869 701 1898 verum
735 1869 757 1897 a
793 1858 992 1911 gentilibus
1027 1859 1067 1897 in
1099 1858 1193 1897 mari
1221 1855 1319 1896 hasta
1346 1853 1458 1895 ferrea

153 1921 267 1961 nosok
299 1921 398 1961 dieta
431 1924 693 1972 vulnerantur,
724 1934 819 1974 quae
850 1923 934 1961 dein
965 1933 987 1961 a
1020 1921 1214 1960 manubrio
1230 1916 1388 1959 abscedit
1418 1926 1459 1957 et

153 1986 246 2024 intra
278 1997 407 2037 corpus
437 1995 566 2025 manet
585 2016 597 2035 ,
629 1996 696 2023 nec
714 2015 725 2034 ,
758 1984 844 2037 quia
875 1986 920 2025 ad
952 1984 1085 2024 vulnus
1118 1985 1260 2023 interne
1291 1981 1459 2034 obliqua-

152 2056 238 2098 tur,
273 2050 350 2087 exit
400 2048 474 2089 hoc
517 2048 637 2089 hastae
673 2046 810 2087 ferrum
831 2047 968 2087 .valido
994 2048 1079 2087 loro
1104 2048 1294 2099 alligatum
1314 2079 1325 2098 ,
1358 2044 1460 2086 cuius

151 2110 218 2151 lori
249 2111 402 2153 alteram
436 2112 721 2154 extremitatem
756 2111 795 2150 in
827 2112 967 2162 cymba
998 2111 1164 2152 sedentes
1194 2118 1353 2161 tenent,
1379 2108 1459 2149 ani·

715 2173 757 2216 Y
788 2184 814 2226 y
846 2187 870 2226 3
1377 2166 1459 2209 mal
