1971 2700
494 200 571 243 DE
600 199 820 244 BESTIIS
849 199 1123 247 MARINIS.
1358 216 1444 258 333

260 315 384 370 Caput
415 313 580 355 vrfinum
611 313 761 367 quidem
796 314 904 355 refert
922 347 932 366 ‚
966 315 1022 356 sed
1059 315 1110 355 ob
1136 323 1264 356 cutem
1291 319 1446 358 cranam

145 392 185 422 et
216 381 460 422 subiacentem
495 378 736 430 panniculum
764 379 961 432 adiposum
981 380 1031 419 ibi
1070 387 1107 421 8.
1128 380 1242 419 lineas
1257 382 1416 421 crassum
1438 413 1450 434 ‚

145 445 270 485 vrfino
300 442 421 484 multo
467 440 614 489 crassius
657 442 711 481 est
752 453 792 481 et
831 445 1050 491 rotundius,
1102 444 1191 484 licet
1244 443 1445 495 musculis,

143 517 227 549 cute
274 518 310 548 et
359 506 582 558 pinguedine
631 504 827 558 spoliatum
878 507 1086 561 oblongum
1136 516 1174 548 et
1224 521 1356 562 parum
1397 509 1446 548 ab

143 571 252 612 vrflui
283 568 402 611 sceleti
431 569 554 622 capite
586 568 750 610 differat..

256 666 311 707 Os
339 664 529 719 paululum
562 672 607 703 vt
641 665 679 703 in
710 665 794 704 vrso
828 676 867 705 et
884 667 1034 706 canibus
1054 667 1290 718 protraCtum
1314 698 1324 717 ‚
1359 679 1442 708 ver-

139 728 194 769 fiis
224 731 348 770 oculos
377 730 477 769 ftons
506 726 631 767 subito
657 728 700 766 in.
725 728 887 781 gibbum
917 728 1080 781 assurgit.
1145 729 1333 770 Extrema
1360 743 1446 782 pars

141 794 272 846 capitis
293 825 302 842 ‚
337 805 439 834 nares
459 824 475 843 ,,
506 803 621 831 carne
649 793 768 844 dura,
801 793 904 845 nigra
924 826 941 842 ,.
971 793 1055 844 pilis
1086 803 1235 831 carente
1256 823 1266 841 ‚
1285 796 1413 845 rugosa
1432 824 1444 844 ‚

139 865 220 895 cute
254 866 296 899 vt
326 857 364 896 in
395 855 476 897 vrso
508 864 548 894 et
578 855 727 894 canibus
771 855 1048 908 praefiniuntur.
1122 855 1243 896 Nares
1290 856 1442 908 oualeS,

137 918 326 973 duplices,
360 920 510 974 patulae
529 951 545 970 2.
573 918 688 958 simili
717 919 896 959 columna
936 918 1170 972 cartilaginea
1209 917 1441 972 interseptae.

250 1013 367 1055 Labiae
398 1013 613 1055 extrorsum
640 1013 781 1054 tumida
800 1045 816 1065 ‚.
842 1012 959 1053 barba
989 1012 1148 1066 quadam
1183 1012 1356 1065 prolixa,
1383 1012 1444 1052 sed

136 1088 214 1116 rara
234 1090 300 1129 „e
329 1079 413 1117 setis
442 1078 604 1117 candidis
622 1108 637 1128 ‚.
673 1077 799 1128 rigidis
816 1108 831 1128 ‚,
874 1076 1094 1128 plerumque
1143 1063 1311 1126 trigonis·
1353 1075 1446 1115 varii

136 1140 275 1178 ordinis
291 1171 302 1190 ,
335 1141 582 1191 longitudinis>
608 1148 722 1188 atque⁴
766 1137 932 1176 craffitiei
951 1168 962 1186 ,
1010 1136 1201 1176 constante
1250 1135 1412 1190 superbit
1429 1168 1443 1189 ,

133 1199 226 1242 setae
258 1200 492 1253 longissimae
520 1203 557 1236 6.
598 1199 757 1251 pollices·
786 1207 954 1253 aequant.

247 1262 363 1302 Labia
396 1259 600 1302 intrortiim
627 1260 755 1301 versus-
782 1260 905 1302 fiiuces
932 1261 1025 1302 rosei
1059 1262 1193 1304 coloris
1209 1296 1222 1316 ‚
1240 1262 1341 1304 fuscis
1358 1275 1441 1303 ma-

130 1325 221 1367 culis
251 1326 352 1366 varia
372 1357 382 1377 ,
417 1326 586 1365 laciniam
618 1337 659 1364 ac
690 1323 819 1365 serrata
848 1326 931 1366 sunt
961 1327 1105 1379 prorsus
1145 1336 1188 1366 vt
1218 1327 1264 1382 in⁴
1277 1327 1439 1368 canibus.

246 1388 386 1430 Fauces
417 1390 462 1428 ad
496 1391 668 1442 rapinam
702 1399 847 1441 aptae,
885 1390 1073 1442 Vtriusque
1124 1390 1299 1430 maxillae
1347 1391 1440 1429 den-

131 1451 226 1494 tium
257 1451 546 1493 acutissimorum
582 1451 669 1491 serie
699 1451 961 1505 circumseptae
993 1451 1101 1504 sunt,
1141 1465 1304 1506 quorum
1349 1452 1440 1493 alte-

129 1516 204 1557 rius
235 1515 373 1556 ordinis
404 1517 498 1555 acies
527 1515 672 1555 alterius
702 1515 938 1557 interstitium
973 1525 1102 1556 mutua
1132 1516 1370 1557 commissura
1389 1516 1440 1557 ita

132 1579 305 1631 excipit,
339 1590 378 1618 vt
410 1580 547 1620 rustum
582 1578 685 1619 suum
720 1582 766 1619 ad
799 1580 944 1632 rapinas
960 1588 1090 1632 aptum
1118 1591 1167 1620 eo
1184 1578 1320 1619 arctius
1337 1579 1438 1619 clau-

130 1641 246 1693 dere,
281 1651 318 1680 et
351 1644 526 1696 praedam
561 1642 672 1682 semel
703 1654 889 1695 arreptam
923 1644 1086 1682 minime
1119 1642 1294 1684 excidere
1333 1641 1438 1684 sinat.

244 1703 429 1745 Dentium
461 1719 637 1746 numerus
654 1739 666 1757 ,
697 1706 793 1746 ordo
827 1716 863 1753 et
900 1705 1015 1759 figura
1049 1708 1210 1760 sequens.

245 1765 293 1806 In
346 1767 500 1806 maxilla
549 1768 725 1819 superiori
774 1770 902 1809 dentes
950 1768 1119 1809 incisores
1167 1769 1282 1809 habet
1342 1781 1372 1819 4-

130 1830 184 1872 Hi
202 1828 373 1869 incisores
389 1830 425 1868 in
445 1827 654 1869 summitate
677 1830 840 1882 duplices
870 1832 1051 1883 geminati
1083 1841 1142 1881 et,
1162 1842 1206 1871 vt
1226 1833 1278 1871 ita

130 1894 278 1944 dicam,
311 1892 478 1932 bifiircati
514 1891 592 1932 sunt
612 1925 622 1944 ‚
654 1892 740 1933 hinc
782 1894 1016 1934 dilacerando
1047 1903 1084 1933 et
1118 1893 1282 1934 firmiter

131 1956 445 2010 apprehendendo
469 1968 518 1995 eo
552 1947 746 2008 aptiores,
776 1957 816 1996 hi
851 1967 977 1997 autem
1010 1957 1181 1998 incisores
1205 1969 1273 1998 ex-

130 2028 297 2060 tremum
331 2019 436 2059 rostri
468 2029 662 2071 occupant.

244 2081 352 2123 quta
383 2082 454 2122 hos
485 2082 674 2136 vtrimque
706 2095 799 2122 vnus
826 2083 972 2124 caninus
1002 2098 1043 2136 4.
1064 2085 1177 2127 lineas
1193 2084 1279 2126 lon-

127 2156 224 2200 gus,
253 2145 474 2190 acutissimus
504 2156 543 2188 et
573 2148 614 2188 in
645 2145 765 2187 fauces¹
796 2159 976 2189 recuruus.
1347 2160 1373 2187 2

699 2209 737 2250 T
772 2218 787 2250 t
820 2223 843 2262 3
1354 2210 1438 2251 Hos
