1971 2700
422 176 525 222 ‚DE
551 170 755 219 BESTHS
787 171 1055 221 MARINIS.
1307 184 1394 236 385

216 289 349 335 Adulti
364 300 486 331 mares
501 286 634 340 Bobry
651 292 852 340 vocantur,
883 286 1080 329 foemellae
1110 286 1262 342 Matka,
1289 294 1403 334 annui

98 354 288 399 humilem
325 351 483 395 mollem
531 352 654 406 pilum
684 350 787 392 nacti
833 350 1039 392 Koschloki
1056 383 1069 403 ‚
1103 352 1215 392 catuli
1232 354 1406 395 dicuntur

103 416 359 469 Medwiedki,
375 416 444 457 vrfi
462 415 619 465 minuti,
631 415 683 455 ob
702 415 740 455 id
757 414 861 468 quod
878 414 1013 468 longos
1028 414 1235 457 admodum
1247 415 1407 469 ‚fuscos,

102 492 229 524 tenues
272 479 367 533 pilos
403 478 567 519 habeant
598 479 711 518 instar
749 477 916 518 vrsorum
937 510 950 530 ,
999 490 1021 518 a
1051 490 1211 531 quorum
1260 480 1406 520 catulo-

102 558 188 586 rum
219 542 370 597 pellibus
399 542 470 582 vix
498 541 789 594 distinguuntur,
820 540 920 594 pilos
949 550 1077 582 autem
1110 543 1291 582 amittunt
1321 543 1405 596 post

105 618 149 657 5.
182 605 322 648 menses
351 612 391 645 et
421 613 510 646 tunc
543 604 750 645 Koschloki
787 604 970 657 audiunt,
1018 604 1139 646 medii
1177 605 1277 661 quafi
1311 606 1407 647 inter

102 670 266 712 camlum
295 677 335 710 et
362 679 530 710 annuum
561 667 637 708 sola
675 667 849 722 lanugine
886 668 1106 709 vestiuntur.

221 796 323 838 Ante
353 794 566 850 quindecim
596 805 710 835 annos
740 799 782 833 et
811 793 914 847 quod
951 792 1117 834 excurrit
1163 794 1409 836 nobilissunae

97 858 219 913 :pelles
249 861 288 899 in
319 861 422 900 terris
451 857 734 901 Kamtschaticis
761 868 785 896 a
814 856 1013 909 gentilibus
1044 869 1134 897 cum
1175 857 1297 898 cultro
1347 859 1413 900 vel

105 922 310 975 ignitabulo
367 921 676 976 permutabantur
696 950 708 971 ,
756 927 795 959 et
826 931 847 959 a
880 919 999 962 Ruffis
1032 920 1300 961 mercatoribus
1349 931 1370 970 5
1395 954 1407 974 ,

103 989 137 1023 6
154 1017 166 1037 ,
214 986 362 1026 mediae
411 986 583 1026 bonitatis
615 997 645 1034 4
690 981 904 1023 rubelorum
955 985 1078 1035 pretio
1124 983 1380 1024 vendebantur
1398 1016 1412 1036 ‚

100 1045 264 1088 Iacutiae
318 1054 340 1089 8
361 1080 373 1099 ,
418 1061 475 1089 10
529 1046 673 1088 rubellis
719 1043 873 1084 venales
923 1055 1029 1085 erant
1046 1079 1058 1097 ‚
1104 1045 1152 1086 ab
1194 1058 1244 1086 eo
1283 1055 1410 1087 autem

102 1117 278 1162 tempore
305 1112 383 1163 quo*
409 1109 577 1150 sinenses
609 1109 703 1149 hanc
721 1119 890 1147 mercem
921 1108 1111 1147 aestimare
1144 1115 1184 1145 et
1217 1107 1324 1147 valde
1342 1121 1412 1160 ap-

99 1180 232 1224 petere
265 1181 466 1222 coeperunt
482 1201 493 1220 ,
514 1170 636 1208 modo
661 1172 702 1206 in
721 1168 825 1206 terris
848 1167 1131 1209 Kamtsthaticis
1165 1168 1410 1210 nobiliffimae

97 1231 313 1272 adultorum
365 1231 478 1284 pelles
512 1240 568 1279 25
604 1238 643 1269 et
678 1239 734 1280 30
768 1228 902 1269 rubelis
919 1261 932 1281 ,
982 1233 1132 1273 mediae
1171 1241 1226 1280 17
1246 1264 1257 1284 ,
1301 1234 1409 1274 annui

98 1293 305 1336 Koschloki
337 1293 431 1333 dic'ti
466 1299 488 1335 8
540 1293 673 1333 rubelis
692 1323 703 1344 ‚
737 1292 847 1332 catuli
880 1292 1115 1335 Medwiedki
1149 1306 1230 1335 vno
1277 1296 1412 1336 rubelo

92 1365 264 1396 veneunt
284 1388 295 1408 ,
327 1357 466 1397 caudae
488 1356 679 1409 imprimis
695 1356 897 1408 permagni
927 1357 1166 1398 aestimantur
1182 1369 1226 1397 ac
1258 1371 1331 1412 pro
1371 1364 1412 1406 13

102 1419 190 1458 imo
222 1431 250 1457 2
300 1419 436 1460 rubelis
464 1427 638 1459 emuntur
656 1450 669 1471 ,
701 1426 740 1458 et
772 1418 820 1458 ad
851 1419 981 1461 mitras
1014 1430 1055 1461 et
1085 1419 1317 1462 chirothecas
1344 1434 1413 1476 ap-

100 1489 288 1534 petuntur.

210 1606 449 1649 *paucissimae
477 1606 516 1648 in
547 1605 715 1650 Ruffiam
746 1616 1023 1662 exportantur,
1054 1608 1126 1650 vix
1155 1620 1236 1649 non
1269 1604 1413 1664 plerae-

100 1680 176 1721 que
207 1667 411 1711 Sinenfibus
454 1671 691 1712 aduchuntur
711 1704 722 1724 ‚
754 1672 816 1724 qui
846 1673 1012 1725 optimas
1041 1683 1102 1722 70
1123 1705 1134 1726 ,
1171 1679 1225 1714 80
1261 1674 1410 1714 rubelo-

104 1744 187 1770 rum
220 1734 343 1784 pretio
375 1742 519 1775 emunt.
570 1744 689 1784 1735
720 1743 764 1774 >et
799 1739 919 1783 1736
958 1748 1012 1775 20
1052 1737 1250 1776 volumina
1294 1736 1411 1777 Kitai-

106 1793 153 1833 ka
184 1793 429 1834 lubentissime
459 1807 534 1847 pro
564 1808 641 1835 vna
675 1796 772 1848 peile
802 1798 939 1837 dabant
956 1831 969 1849 ,
998 1799 1102 1840 Ruffi
1128 1811 1220 1839 vero
1236 1797 1410 1839 Ircutiam

110 1856 250 1898 reuersr
284 1867 369 1896 100
398 1856 550 1898 mbelos
576 1857 692 1899 rursus
721 1858 970 1912 accipiebant.

216 1977 425 2023 Sinenfibus
451 1993 582 2024 autem
616 1984 688 2025 hae
719 1984 831 2038 peiles
856 1985 1145 2039 ponderosiores
1162 2020 1174 2039 ‚
1205 1982 1413 2028 Zibellina-

107 2056 194 2086 rum
229 2045 465 2086 mustelarum
498 2056 536 2086 et
569 2046 737 2101 vulpium
768 2047 927 2102 pel-:libus
958 2061 1007 2090 eo
1026 2052 1182 2090 cariores
1215 2059 1257 2090 et
1291 2051 1414 2104 aptio-

107 2122 163 2152 res
200 2107 307 2158 sunt,
339 2109 440 2161 quod
471 2110 786 2152 vestimentorum
835 2110 1062 2154 sericeorum
1111 2113 1225 2154 nimis
1273 2113 1411 2153 leuium

170 2171 302 2212 Tom·
321 2170 373 2212 11.
394 2171 502 2214 Nou.
524 2171 753 2214 Comment.
955 2174 990 2216 C
1021 2188 1043 2217 c
1074 2188 1098 2217 c
1314 2186 1411 2227 pon-
