1971 2700
338 156 725 208 VARIATIONIS
764 140 984 205 mmm
1016 156 1241 232 Por-EST.
1355 170 1442 214 189

133 276 266 319 eleuari
322 287 361 319 et
419 276 578 331 deprimi
632 272 743 330 poffit
761 305 772 327 ,
820 273 938 314 donec
987 273 1100 316 fitum
1150 273 1435 316 horizontalem

133 342 284 382 indicet.

252 405 292 461 8)
329 404 412 445 Vafi
445 400 777 456 parallelepipedali
807 400 1077 458 NOPQtota
1096 400 1438 442 machinaimmit-

134 478 230 508 tatur
264 478 303 508 et
334 480 423 521 aqua
454 464 681 517 infundatur,
716 474 761 505 vt
795 465 873 505 tubi
915 466 982 506 ab
1024 475 1190 520 apertura
1231 475 1270 505 et
1312 464 1435 518 capita

131 531 368 572 cochlearum
402 530 435 570 L
453 528 500 569 M
531 537 571 568 et
601 527 638 568 H
657 528 692 568 K
724 527 845 569 solum
875 541 925 568 ex
956 541 1048 582 aqua
1082 529 1341 583 promineant.

253 593 294 649 9)
327 594 542 636 Reducatur
573 591 934 646 parallelepipedum
968 592 1085 633 fundo
1118 593 1210 632 vasis
1242 592 1280 634 N
1303 590 1448 646 OPQ

133 658 348 698 incumbens
387 668 462 709 ope
514 655 753 696 cochlearum
786 657 824 695 in
855 656 967 696 fitum
989 655 1446 706 exac'tehorizontalem,

133 733 172 761 ct
205 731 351 761 notetur
382 719 661 759 thermometro
695 719 860 772 quodam
894 717 976 760 RS
1011 730 1125 771 aquae
1159 719 1375 772 temperies.

253 782 320 838 10)
353 781 393 822 Si
425 782 586 822 altitudo
618 779 832 822 Barometri
865 780 1012 821 mediae
1046 781 1257 834 propinqua
1289 780 1437 820 obtinet

133 857 173 887 et
205 847 403 900 tempestas
434 846 554 886 serena
587 854 627 885 et
660 847 725 885 ne‘r
757 844 871 885 ficcus
906 845 949 884 fit
983 844 1187 897 impleatur
1216 844 1322 883 tubus
1354 840 1438 882 AB

133 911 348 964 mercuri03
381 910 501 950 donec
534 918 603 949 tres
643 909 750 962 digiti
788 908 964 949 mercurii
1004 908 1109 962 supra
1151 907 1292 948 lineam
1332 906 1437 947 hori-

130 973 322 1014 zontalem
354 973 525 1025 stagnent
734 979 738 983 ·

249 1035 320 1091 11)
354 1034 395 1075 Si
426 1036 632 1075 mercurius
662 1034 833 1074 medium
866 1034 946 1074 tubi
975 1034 1147 1075 nondum
1179 1033 1303 1088 attigit
1330 1048 1342 1088 ;
1374 1032 1440 1074 vel

130 1099 246 1138 etiam
280 1098 393 1138 bulbo
426 1096 468 1138 D
488 1098 523 1138 E
556 1097 639 1151 plus
698 1098 796 1137 iusto
843 1097 1182 1150 adpropinquanst,
1241 1109 1317 1150 ope
1358 1106 1439 1136 ant-

129 1162 205 1202 liae
237 1174 372 1213 paruae
403 1173 492 1199 cum
527 1161 622 1199 tubo-
651 1159 838 1211 graciliori
870 1159 1060 1199 instructae
1078 1190 1089 1210 ‚
1120 1160 1222 1199 cuius
1259 1159 1442 1199 extremi·

128 1232 184 1262 tas
215 1222 366 1274 paulum
404 1222 593 1260 incuruata
632 1220 704 1272 fit,
748 1219 924 1261 machina
966 1234 1100 1275 parum
1141 1221 1316 1262 inclinata
1354 1234 1441 1276 pars

126 1285 219 1324 ae'ris
251 1282 513 1324 vel'educatur
545 1283 609 1324 vel
642 1285 684 1324 vi
714 1283 877 1335 adigatur
909 1285 948 1324 in
983 1285 1137 1326 bulbum
1172 1284 1215 1326 D
1232 1286 1289 1337 E,
1314 1285 1438 1326 donec

127 1347 327 1387 mercurius
360 1346 479 1386 ferme
514 1349 552 1387 in
585 1347 715 1387 medio
749 1347 829 1386 tubi
862 1345 898 1387 C
906 1346 948 1387 D
982 1347 1129 1390 finiatur
1157 1349 1437 1402 parallelepipe-

127 1411 181 1451 do
196 1422 332 1462 nempe
350 1410 388 1448 in
406 1410 513 1450 litum
524 1409 801 1450 horizontalem
821 1419 905 1449 ante
923 1411 1088 1453 reducto.
1120 1411 1179 1452 Ibi
1192 1421 1338 1452 notetur
1349 1411 1438 1452 alti-

130 1474 219 1513 tudo
252 1471 466 1512 Barometri
501 1473 677 1526 fimplicis
710 1472 818 1513 fimul
849 1472 1054 1515 obseruata.
1119 1473 1273 1515 Deinde

248 1534 321 1590 12)
355 1545 500 1575 tantum
542 1537 744 1577 affunditur
786 1538 990 1588 mercurii,
1029 1546 1076 1578 vt
1107 1539 1153 1578 ad
1192 1551 1222 1587 4
1254 1546 1293 1577 et
1324 1542 1338 1586 g
1381 1538 1436 1578 di-

129 1598 292 1651 gitorum
326 1599 557 1639 altitudinem
593 1601 630 1640 in
665 1599 835 1649 cylindro
868 1600 1025 1652 stagna,
1052 1603 1116 1641 a'e‘r
1140 1600 1440 1654 comprimetur,

130 1670 233 1701 tauta
265 1661 332 1711 vi,
365 1672 496 1714 quanta
529 1662 846 1716 comprimeretur
864 1695 877 1714 ,
907 1663 934 1703 fi
976 1663 1438 1717 atmosphaeraepreffio

133 1724 169 1763 in
206 1732 351 1763 tantum
383 1725 492 1764 aucta
522 1725 637 1765 ffiiffet
667 1735 706 1765 et
737 1725 834 1765 nihil
867 1727 1041 1767 mercurii
1073 1727 1251 1777 affusum,
1285 1736 1439 1768 notetur

128 1786 265 1827 deiude
294 1786 478 1838 punitum
498 1819 510 1837 ,
542 1788 640 1841 quod
674 1789 875 1828 mercurius
906 1789 945 1828 in
979 1789 1070 1830 tubo
1105 1788 1139 1830 C
1156 1789 1199 1831 D
1231 1790 1379 1842 attingit
1397 1799 1436 1830 et

131 1858 278 1889 notetur
310 1848 363 1887 ibi
393 1848 551 1889 altitudo
592 1850 799 1889 barometri
841 1850 1020 1903 simplicis
1059 1852 1250 1893 obseruata
1290 1862 1329 1893 et
1369 1853 1434 1894 ad-

129 1912 204 1952 huc
234 1911 365 1951 durans
398 1911 507 1950 aucta
538 1912 661 1965 digito
691 1925 772 1952 vno
801 1921 840 1952 et
871 1914 1033 1954 dimidio

250 1977 320 2021 13)
352 1972 611 2014 subducantur
641 1975 775 2015 deinde
809 1987 857 2014 ex
888 1977 1062 2026 cylindro
1093 1978 1130 2018 A
1153 1976 1187 2019 B
1220 1988 1293 2018 tres
1324 1979 1431 2031 digiti

127 2038 300 2078 mercurii
331 2045 368 2075 et
398 2035 502 2089 supra
534 2037 673 2076 lineam
709 2037 790 2092 fg
841 2038 1023 2092 stagnabit
1051 2041 1171 2081 adhuc
1205 2054 1299 2082 vnns
1338 2043 1414 2095 digi

126 2110 183 2141 tus
215 2111 255 2140 et
286 2099 489 2154 dimidius,
521 2102 656 2154 ae‘rque
687 2101 728 2139 in
764 2099 862 2142 DE
912 2105 1182 2157 comprimetur
1222 2114 1324 2145 tanta
1360 2106 1399 2144 vi
1421 2138 1432 2157 ,

649 2162 691 2204 Α
709 2175 731 2203 a
761 2177 787 2214 3
1317 2180 1432 2221 qnan-
