1971 2700
516 201 603 248 238
725 195 805 240 DF
833 189 1257 247 VEGETATIONE
1291 185 1652 239 PLANTARVM

514 312 582 354 bus
613 312 733 354 etiam
765 310 915 352 carebat
947 318 1046 351 terta
1064 342 1077 363 ‚
1125 320 1247 364 quam
1293 307 1420 350 solic'te
1449 315 1488 348 et
1535 315 1686 352 armato
1727 310 1844 355 oculo

518 388 743 419 exammaut.

838 465 1333 546 Experimentum
1374 465 1497 526 VII.

637 587 760 629 Anno
798 595 911 637 1741
937 619 948 638 ‚
980 586 1108 628 mense
1140 585 1254 629 Maio
1273 619 1284 639 ,
1318 586 1506 639 obseruaui
1539 584 1696 628 fortuito
1715 618 1728 640 ‚
1753 599 1841 632 cum

512 654 553 695 in
588 651 740 693 subdiali
772 651 904 706 ligneo
937 648 1109 706 (balcon)
1149 645 1298 693 aedium
1351 665 1524 693 mearum
1575 650 1637 692 sub
1688 651 1842 707 vespere

514 715 675 758 versarer
705 716 800 757 ae‘ris
833 716 1004 756 mutandi
1035 714 1153 757 causta
1172 747 1184 769 ,
1230 717 1436 758 materiam
1473 714 1727 758 lactifonnem
1748 750 1760 770 ‚
1791 718 1846 759 al,

517 781 640 832 bam,
676 779 796 822 subito
839 788 1112 834 erumpentem
1131 812 1144 832 ,
1198 782 1263 821 oui
1295 780 1503 822 columbini
1554 780 1812 833 magnitudine
1832 811 1845 834 ,

513 846 552 886 in
586 844 731 899 aliquot
763 845 858 886 locis
890 856 942 884 ex
975 844 1082 885 trabe
1112 844 1301 898 abietina,
1330 856 1427 900 quae
1459 846 1504 886 ad
1539 846 1749 886 minimum
1778 859 1846 887 an-

514 918 556 950 te
588 910 726 950 decem
762 910 838 949 iam
868 902 990 949 'annos
1030 908 1106 949 huc
1136 909 1311 963 adaptata
1358 919 1451 950 crat.
1538 906 1663 962 Capta
1715 911 1849 963 portio

513 972 624 1014 huius
657 975 836 1013 materiae
857 1003 869 1022 ‚
900 981 938 1012 et
970 971 1106 1012 exacte
1138 973 1339 1026 perquisita
1360 1004 1371 1024 ‚
1402 973 1610 1028 apparebat
1629 975 1726 1028 quasi
1746 974 1847 1016 mol-

511 1036 556 1078 lis
588 1037 707 1091 aliqua
739 1036 920 1077 collectio
950 1036 1203 1077 minimarum
1246 1035 1489 1091 fistularum3
1522 1047 1561 1077 et
1597 1038 1750 1091 postero
1782 1040 1846 1080 die

512 1101 666 1141 relictae
701 1101 893 1154 portiones
931 1099 1170 1141 mutabantur
1220 1101 1258 1140 in
1290 1097 1459 1141 muscum
1495 1100 1589 1141 trabi
1637 1101 1848 1143 adhaeren-

515 1173 601 1204 tem
622 1196 632 1214 ,
666 1165 730 1217 qui
761 1164 850 1220 post
879 1163 1025 1219 aliquot
1055 1164 1134 1204 dies
1164 1163 1299 1220 plenus
1327 1174 1410 1206 erat
1446 1163 1667 1208 subtiliffimi
1713 1165 1852 1225 pulueg

514 1228 568 1271 tis
598 1225 699 1269 susci.

846 1329 1334 1411 Experimentum
1376 1329 1523 1391 VIII.

632 1453 754 1495 Anno
793 1461 911 1502 1739
933 1484 944 1503 ,
978 1450 1106 1492 mense
1139 1450 1271 1505 Iulio,
1324 1449 1462 1493 cistulas
1513 1449 1651 1504 ligneas
1702 1449 1849 1505 repleui

517 1520 686 1561 materiis
717 1516 953 1572 sequentibus
972 1548 983 1568 ,
1016 1525 1056 1556 et
1089 1515 1237 1556 cuilibet
1271 1527 1402 1556 earum
1436 1513 1568 1556 inserui
1593 1514 1668 1555 duo
1711 1527 1850 1558 auenae

516 1595 559 1623 ac
611 1583 774 1624 totidem
827 1581 1005 1621 cannabis
1054 1579 1192 1620 semina
1213 1612 1224 1631 ,
1278 1580 1348 1620 rite
1400 1578 1652 1633 postmodum
1704 1579 1851 1634 irrigata

516 1647 649 1700 aquis,
682 1655 722 1685 vt
755 1644 927 1685 viderem
962 1656 1039 1698 quo
1073 1643 1225 1684 successu
1258 1643 1454 1697 vegetatio
1488 1642 1724 1698 procederet.
1767 1643 1850 1685 Ex-

520 1720 650 1764 pertus
681 1711 801 1762 itaque
834 1708 914 1748 sum
951 1707 1092 1749 horum
1125 1709 1296 1760 germina
1341 1717 1449 1747 cxtm
1501 1716 1641 1747 terram
1687 1707 1852 1760 protrusa

516 1774 619 1816 suiss‘e
653 1774 780 1815 dicbus
818 1769 1064 1826 sequentibus.
1130 1771 1176 1812 ln
1208 1780 1314 1812 terra
1337 1770 1530 1828 foecunda
1549 1803 1560 1823 ,
1609 1782 1725 1811 auena
1767 1773 1852 1827 post

521 1849 542 1888 ς
578 1839 685 1890 dies,
717 1837 889 1877 cannabis
924 1835 1009 1890 post
1043 1850 1085 1886 4.
1154 1833 1200 1876 In
1236 1847 1360 1876 arena
1395 1833 1587 1876 siccissima
1609 1868 1620 1887 ,
1649 1835 1785 1890 diuque
1812 1838 1850 1879 in

516 1902 668 1944 accenso
685 1902 834 1942 clibano
852 1899 1112 1953 exco&a‚sed
1133 1899 1304 1954 legitime
1323 1900 1452 1954 postea
1492 1898 1696 1938 madefacta
1733 1912 1848 1943 auena

518 1978 555 2006 et
576 1967 747 2006 cannabis
781 1963 863 2017 post
896 1965 971 2005 dies
1008 1974 1047 2012 5.
1117 1964 1229 2003 Vnde
1265 1976 1340 2003 non
1378 1965 1519 2002 mirum
1554 1960 1626 2013 cst,
1649 1962 1685 2001 in
1716 1963 1850 2019 lapidi-

520 2033 584 2071 bus
616 2029 817 2069 siccisiimis
868 2025 1033 2067 cresccre
1083 2026 1257 2075 muscos,
1307 2034 1346 2064 ct
1388 2027 1423 2063 in
1458 2037 1566 2064 arena
1602 2039 1693 2079 pura
1726 2030 1848 2081 vites,

520 2094 620 2148 quod
657 2093 770 2130 refert
805 2088 1028 2131 chckelius
1064 2090 1102 2128 in
1145 2088 1263 2129 Flora
1291 2083 1555 2140 saturnizante
1574 2102 1658 2143 pag.
1695 2101 1766 2141 93.
1805 2091 1848 2132 ln

523 2154 766 2199 minuu'ffime
799 2153 949 2194 dnsccta
984 2151 1094 2207 copia
1128 2151 1321 2194 srussorum
1349 2158 1468 2208 panni
1500 2153 1604 2196 rubri
1621 2153 1740 2209 lanei,
1765 2168 1849 2197 aue-

1802 2234 1848 2262 na
