1971 2700
230 225 672 277 EXPERIMENTA·
707 227 784 272 ET
809 220 1234 276 CONSECTARIA.
1338 237 1423 284 ης,

536 334 1037 397 Additamentum.

123 458 196 571 Ρ
214 466 368 519 ›stquam
400 462 489 504 haec
524 461 687 503 absoluta
719 471 853 516 erant,
885 464 1013 517 legere
1045 474 1112 503 me
1142 461 1279 504 accidit
1307 458 1352 503 V
1350 473 1435 505 eru-2

229 529 372 570 lamium
403 529 438 568 in
458 521 494 579 s
492 525 574 574 ylua
597 574 601 577 ,
602 524 795 577 [ymarum
813 560 823 578 ,
859 528 942 581 siue
991 526 1114 582 histor.
1150 534 1228 569 nac.
1266 529 1434 570 centuria

121 594 146 636 Ι
167 626 177 644 ‚
216 601 292 633 art.
329 604 392 642 29.
438 590 503 630 vbi
537 592 750 645 sequentia,
800 590 847 630 ad
905 592 1181 644 vegetationem
1224 590 1433 645 spectantia

121 656 234 697 verba
282 663 506 699 occurrunt:
551 687 575 706 „
601 654 728 708 Cepae
785 653 968 708 suspensae
1018 656 1148 708 sponte
1180 656 1432 709 germinant,

124 732 227 772 „nec
259 710 586 772 non⁴pulegium3
622 729 693 758 etc.
729 718 876 757 additur
906 717 1061 771 postea:
1114 717 1177 757 {ed
1213 718 1266 758 est
1306 718 1434 759 nobile

120 783 459 836 „experimentum
479 814 493 834 ,
538 790 577 821 et
607 782 708 836 quod
750 780 1019 834 coniequenter
1050 780 1096 820 ad
1130 781 1234 833 plura
1267 782 1428 834 innuat3

119 846 183 898 „fi
216 846 458 900 exploretur,
492 857 544 885 an
575 845 669 886 haec
690 876 702 897 ,
735 845 827 886 dum
860 844 1101 897 germinant,
1134 844 1303 897 pondere
1319 855 1431 897 auge-

120 920 289 963 „antur;
322 909 422 964 quod
439 909 615 963 inquirito
635 942 645 961 ‚
690 909 757 960 iis,
779 918 980 961 antequam
1014 907 1293 960 suspendantur,
1322 907 1434 948 libra-

120 974 197 1026 „tis
217 1005 228 1025 ‚
259 982 297 1014 et
328 974 528 1027 postquam
560 974 730 1025 germina
766 973 981 1013 emiserunt.
1058 969 1098 1011 Si
1132 973 1304 1024 pondere
1352 983 1432 1012 non

118 1038 343 1091 „augescant
361 1070 375 1088 2
415 1036 510 1077 nihil
542 1036 638 1077 aliud
671 1034 866 1076 conficitur
898 1035 986 1076 inde
1005 1066 1016 1086 ‚
1049 1046 1166 1087 quam
1201 1035 1277 1075 aliis
1318 1035 1437 1088 parti-

115 1099 218 1150 „bus
266 1101 448 1140 decedere
468 1132 479 1149 ,
513 1100 614 1152 quod
644 1101 682 1138 in
714 1099 992 1151 germinatione
1043 1096 1123 1136 aliis
1172 1098 1326 1137 accedit.
1391 1096 1433 1138 Si

116 1163 317 1214 „pondere
368 1172 494 1201 autem
546 1161 738 1212 crescant3
792 1169 873 1199 tum
907 1171 958 1198 ex
998 1158 1234 1210 magnalibus
1282 1170 1434 1201 naturae

114 1236 273 1274 „vnum
307 1224 368 1262 est.
384 1254 410 1273 „
444 1223 674 1274 Expertu-rus
692 1222 816 1275 itaque
836 1253 847 1273 ,
868 1230 995 1262 vtrum
1013 1221 1156 1262 horum
1175 1222 1339 1264 futurum
1358 1224 1403 1265 fit
1421 1257 1439 1278 ‚¹

112 1285 275 1337 suspendi
309 1285 351 1323 in
382 1283 511 1323 museo
543 1297 665 1337 meo,
697 1297 798 1325 anno
836 1294 955 1336 1749
999 1285 1038 1326 d.
1082 1288 1140 1324 26
1183 1285 1340 1328 Ianuarii
1381 1299 1430 1328 ex

107 1348 250 1400 aliquot
280 1347 351 1387 filis
398 1347 445 1388 ad
481 1347 676 1389 fenestram
727 1361 864 1403 cepam
899 1356 993 1389 bene
1046 1350 1288 1391 constitutam
1311 1383 1322 1403 ,
1362 1364 1430 1392 cu-

107 1409 163 1450 ius
195 1412 263 1451 vix
294 1411 412 1465 aliqua
444 1412 664 1463 germinum
699 1413 802 1452 initia
833 1413 1063 1467 apparebant
1085 1444 1096 1462 ‚
1131 1421 1169 1453 et
1201 1427 1293 1466 quae
1325 1426 1428 1467 pon-

110 1474 175 1513 dus
206 1475 355 1515 tenebat
391 1479 477 1524 296
511 1487 714 1528 granorum
747 1477 879 1516 mlium
898 1508 910 1527 ,
960 1488 1121 1530 quorum
1167 1481 1288 1524 7680
1344 1476 1427 1518 effi-

109 1537 211 1576 ciunt
245 1538 376 1579 libram
417 1539 685 1580 hollandicam.
752 1538 854 1579 Haec
893 1540 939 1580 ab
973 1539 1115 1590 initio,
1169 1540 1294 1579 statim
1338 1539 1424 1592 post

112 1599 250 1653 aliquot
281 1603 384 1654 dies,
417 1603 566 1656 egregie
599 1604 855 1656 germinauit,
887 1601 947 1644 sed
981 1603 1148 1656 pondere
1182 1602 1333 1655 semper
1366 1602 1428 1642 di-

112 1664 257 1704 minuta
289 1664 353 1704 fuit
372 1698 382 1717 ,
413 1667 471 1706 vti
503 1666 649 1726 sequens
683 1666 804 1707 tabula
839 1666 962 1706 docet.
1047 1665 1144 1706 Erat
1176 1667 1285 1706 enim
1330 1665 1431 1706 eius-

111 1727 200 1767 dem
234 1729 406 1783 pondus,
438 1741 640 1783 granorum
672 1731 793 1773 modo
833 1730 1041 1771 dic'torum.

222 1852 406 1894 Februarii
472 1864 499 1903 7
565 1881 582 1885 -
646 1877 663 1885 -
738 1865 840 1905 272.
861 1857 1028 1909 germina
1049 1857 1248 1898 altitudinis
1270 1860 1310 1902 1}
1330 1853 1423 1909 poll.

864 1918 1086 1960 thencland.

220 2001 237 2010 -
297 1999 316 2010 ·
380 2003 398 2011 -
449 1992 500 2019 21
573 2005 591 2013 -
655 2001 673 2012 ·
740 1992 764 2021 2
773 1993 793 2032 5
805 1993 844 2031 5.
868 1984 1088 2034 germinum
1121 1982 1278 2024 altitudo
1315 1995 1340 2022 2
1376 1981 1425 2022 ad

874 2054 898 2090 3
944 2046 1036 2097 poll.
1088 2050 1292 2099 eademque
1340 2043 1428 2101 pnl-

868 2106 958 2147 chre
989 2110 1138 2150 viridia.

1295 2225 1427 2277 Martii
