1971 2700
510 171 593 214 DE
624 170 791 216 BESTI
791 171 842 215 IS
873 173 929 216 M
931 174 1029 218 AR]
1034 174 1139 219 NIS.
1387 194 1409 230 3
1421 193 1442 231 3
1451 191 1473 219 ι

182 282 512 330 DESCRIPTIO
549 279 788 325 BESTIAE
827 283 1101 328 MARINAE
1144 284 1442 331 DAMPIERO

285 384 445 424 Primmn
464 377 568 435 vzsae
585 387 622 422 et
626 377 698 435 sub
715 381 851 421 nomine
860 381 900 421 V
899 382 950 437 ²ss
967 383 1104 424 marini
1120 380 1334 439 descriptae.
1356 383 1477 435 Ruffis

166 453 319 487 vocatur
335 445 408 486 Kot
427 476 438 495 ,
468 444 663 497 gentilibus
681 444 735 483 ad
749 443 877 486 Sinum
896 446 973 485 Pen
987 444 1170 489 chinicutn
1191 445 1478 502 Tarlatschega.

166 508 359 564 Descripta
375 508 413 549 d.
433 515 504 550 28.
530 504 645 550 Maii
666 516 798 557 1742.
839 510 876 548 in
901 505 1019 563 insula
1054 510 1232 565 Beringii.
1271 512 1479 555 Maximae

164 575 311 615 ,circiter
333 585 349 611 1
363 578 460 614 820.
474 572 556 628 pud
571 572 722 623 Ruffica
741 579 808 613 aut
831 578 930 614 800.
952 572 1070 615 libras
1085 577 1251 629 pendent.

280 637 344 679 Ad
374 634 520 678 Scalam
553 636 809 690 Anglicanam
843 636 1092 681 dimensiones
1123 639 1253 681 habuit
1277 638 1478 694 sequentes.

1236 711 1351 777 ΞΕ.
1374 713 1482 781 Dec’}

229 784 294 826 Ab
324 785 427 838 apice
457 784 563 825 rostri
593 796 710 838 vsque
744 782 790 824 ad
824 782 1074 836 pesteriorum
1094 783 1222 836 pinna-

301 858 427 888 torum
459 849 599 903 pedum
634 848 766 901 digitos
799 847 948 886 medios
983 856 1177 887 extremos
1254 859 1309 896 90
1397 862 1422 887 2

225 908 290 951 Ab
321 914 429 965 apice
461 912 568 952 rostri
600 912 646 951 ad
679 911 825 964 apicem
863 909 1001 950 caudae
1064 937 1079 943 -
1146 932 1164 942 ·-
1251 920 1309 960 79
1394 926 1426 963 4

226 970 352 1015 Cauda
385 975 504 1015 breuis
537 975 645 1027 longa
708 995 723 1003 -
792 996 808 1003 -
1288 987 1311 1012 2

226 1036 293 1077 Pes
331 1039 501 1091 pinnatus
545 1037 730 1090 posterior
762 1035 896 1089 longus
953 1058 962 1066 ν
1034 1058 1051 1065 -
1256 1049 1309 1075 22
1399 1045 1423 1081 8

224 1099 339 1140 Pinna
373 1101 585 1153 posterioris
623 1101 729 1152 pedis
758 1100 803 1138 ad
837 1107 1016 1137 exortum
1055 1097 1127 1137 lata
1194 1119 1208 1127 -
1283 1103 1311 1136 6
1399 1114 1417 1138 1

221 1163 287 1201 Ab
304 1172 439 1200 exortu
456 1163 558 1212 pedis
575 1161 788 1212 posterioris
805 1160 851 1199 ad
871 1160 1055 1212 vnguium
1072 1160 1208 1200 radices
1255 1173 1273 1199 1
1285 1173 1308 1199 2
1395 1170 1422 1206 8

223 1223 363 1275 Vnguis
395 1223 614 1274 maximus,
647 1221 761 1262 medii
793 1221 931 1275 digiti,
981 1222 1112 1276 longus
1176 1247 1194 1254 -
1288 1239 1306 1264 1
1394 1241 1417 1278 3

219 1286 362 1338 Vnguis
391 1285 493 1325 idem
524 1284 615 1325 latus
686 1307 1188 1319 -------
1390 1304 1422 1341 4

217 1348 337 1390 Pinna
371 1347 447 1401 ipsa
481 1348 729 1402 posteriorum
779 1348 919 1402 pedum
972 1350 1218 1391 extremitati-

305 1412 369 1452 bus
400 1411 569 1464 expanfis
607 1413 676 1453 lata
758 1437 775 1443 -
855 1434 1193 1444 -----
1251 1426 1303 1452 12
1392 1430 1417 1455 2

221 1475 333 1516 Pedes
365 1475 508 1528 pinnati
539 1477 739 1516 anteriores
766 1476 872 1528 longi
933 1503 947 1508 -
1014 1497 1031 1505 -
1095 1498 1111 1506 -
1250 1491 1308 1528 24

220 1537 288 1578 Pes
319 1538 490 1591 pinnatus
521 1540 685 1580 anterior
718 1540 765 1580 ad
798 1548 978 1579 exortum
1013 1538 1104 1579 latus
1171 1561 1187 1569 -
1281 1548 1302 1583 8

220 1601 289 1642 Pes
321 1602 490 1654 pinnatus
520 1603 686 1643 anterior
718 1604 764 1644 ab
784 1603 893 1657 apice
911 1603 1087 1644 exteriori
1105 1615 1219 1657 vsque

306 1665 351 1704 ad
383 1665 546 1717 pilorum
578 1667 732 1707 initium
754 1699 765 1719 ,
798 1666 1030 1707 transuersim
1064 1666 1156 1707 latus
1175 1686 1190 1692 -
1250 1680 1301 1708 12

224 1726 289 1769 Ab
320 1727 429 1766 initio
465 1730 629 1781 pinnae,
662 1743 732 1784 qua
766 1730 834 1784 pili
865 1729 1067 1781 deficiunt,
1103 1743 1196 1784 vsqu

305 1789 352 1829 ad
384 1791 560 1840 vnguium
592 1793 728 1830 radices
787 1811 1189 1823 ------
1249 1807 1307 1845 14
1389 1826 1411 1833 ..

220 1850 374 1905 Vngues
406 1860 588 1903 quantum
619 1854 837 1905 prominent
857 1887 868 1906 ‚
908 1866 976 1894 nec
1028 1854 1090 1895 sub
1141 1865 1221 1895 cute

294 1912 535 1967 delitescunt,
568 1916 825 1969 lenticulares,
881 1929 920 1955 2.
958 1917 1069 1958 lineas
1116 1917 1220 1972 longi

295 1987 331 2018 et
362 1977 519 2019 totidem
556 1978 631 2018 lati.

222 2042 287 2082 Ab
321 2043 423 2094 apice
454 2041 538 2082 labii
571 2041 764 2095 superioris
794 2043 838 2083 ad
871 2057 976 2086 nares
1045 2071 1060 2075 -
1123 2069 1141 2076 -
1388 2055 1409 2090 8

220 2105 393 2146 Altitudo
426 2105 569 2145 narium
611 2106 779 2146 oualium
849 2130 865 2136 —
932 2136 946 2139 -
1011 2133 1027 2138 -
1090 2135 1106 2140 -
1172 2132 1188 2139 -
1388 2119 1410 2154 8

221 2166 413 2210 Columna
445 2170 589 2210 narium
621 2169 694 2210 lata
766 2192 1190 2203 ------
1383 2190 1414 2226 4

717 2232 756 2272 T
789 2241 804 2272 t
839 2245 863 2271 2
1401 2239 1467 2282 Ab
