1971 2700
483 208 580 260 246
730 202 811 249 DE
842 193 1262 246 νΕσΕΤΑτιοΝΕ
1295 192 1667 245 PLANTARVM

475 326 577 367 ‚mii
610 323 664 365 Le
696 317 836 362 Grand
854 349 865 368 ‚
900 330 987 372 pag.
1029 318 1120 364 306
1139 347 1152 367 ,
1184 312 1375 355 credidisse
1408 313 1504 354 olim
1525 311 1816 367 Baconem,ce-

475 390 640 432 ‚lebrem
674 384 781 425 illum
816 382 981 436 Angliae
1016 380 1215 431 Physicum
1234 411 1247 431 ,
1279 390 1497 420 cucumeres
1529 387 1681 419 teneros
1697 380 1801 423 etde

475 454 683 496 licauoms
712 447 872 489 euadere
891 478 902 497 ,
937 446 964 486 si
996 455 1084 485 ante
1117 441 1296 486 sationem
1329 455 1462 483 eorum
1503 441 1643 483 semina
1683 441 1819 485 flierint

493 515 702 571 paullulum
721 511 830 552 *laete
862 518 1065 551 macerata.
1132 506 1277 549 Docuit
1318 520 1385 549 me
1417 508 1527 561 igitur
1575 508 1826 561 experimen-

493 589 578 620 tum
613 587 747 618 meum
769 606 780 626 ,
814 573 908 615 haec
939 573 1075 613 omnia
1108 573 1244 613 tentari
1277 571 1430 613 frustm:
1465 582 1588 625 neque
1620 571 1655 612 id
1676 572 1822 614 mitum

496 642 570 684 effe
605 638 758 696 potest,
789 637 816 679 si
846 648 1068 692 reputemus
1109 637 1308 677 nobiacum
1327 669 1338 689 ‚
1388 637 1518 677 omnia
1536 657 1565 687 ‚·
1597 647 1691 690 quae
1742 635 1825 677 mel

495 708 564 749 vel
598 707 655 747 lac
687 702 916 745 constituunt
936 733 948 753 ‚
989 713 1067 742 non
1110 701 1216 755 poffe
1265 699 1417 742 tranfire
1453 701 1487 740 in
1524 699 1695 753 plantam
1713 732 1725 752 ‚
1760 698 1827 741 vel

496 773 573 812 eius
588 780 750 824 granum
770 766 955 822 aliqu0d3
989 776 1028 806 et
1062 765 1090 808 si
1126 765 1186 806 vel
1223 765 1399 806 maxime
1430 763 1609 806 transcant
1645 765 1826 811 omnium

497 833 787 888 ingredientium
822 841 943 884 partes
973 830 1146 884 aliquae:
1179 830 1248 870 vix
1281 840 1409 870 tamen
1438 829 1517 871 fieri
1552 826 1681 883 posse,
1717 839 1760 870 vt
1789 829 1828 871 in

500 900 567 940 tali
602 897 856 952 proportione
888 895 950 935 illa
984 895 1237 948 ingrediantur
1257 924 1269 943 ‚
1300 906 1392 947 quae
1423 895 1647 948 requiritur,
1679 903 1724 935 vt
1742 906 1828 949 pat-

500 972 556 1004 tes
587 961 850 1003 constitutiuae
882 970 931 998 eo
965 960 1090 998 modo
1141 958 1240 996 inter
1271 956 1304 997 se
1336 957 1407 998 sint
1445 957 1626 999 collectae
1667 968 1706 999 et
1735 970 1832 1000 con-

502 1027 650 1068 binatae
669 1058 680 1076 ,
723 1036 802 1079 quo
833 1021 984 1063 efficere
1017 1031 1154 1076 queant
1187 1020 1297 1071 mel,
1333 1021 1394 1062 vel
1426 1021 1495 1062 lac.
1561 1020 1712 1064 Similia
1731 1055 1743 1076 ,
1787 1021 1832 1063 sr-

501 1091 585 1132 mili
616 1102 704 1131 cum
737 1086 877 1130 effectu
896 1119 908 1138 ‚
941 1087 1099 1128 tentauit
1140 1085 1257 1125 etiam
1294 1083 1496 1141 Halqfius,
1530 1086 1569 1126 in
1588 1085 1732 1142 statica
1765 1098 1834 1129 ve-

491 1152 739 1208 getabilium,
770 1149 948 1192 versionis
978 1150 1220 1203 germanicae
1252 1162 1341 1203 pag.
1382 1158 1438 1198 27
1459 1181 1470 1201 ,
1510 1159 1548 1190 et
1585 1156 1670 1193 208
1694 1182 1707 1204 ,
1727 1161 1833 1205 ,quae

504 1217 670 1259 omnino
700 1215 774 1256 huc
807 1212 886 1253 sunt
917 1211 1122 1253 referenda.

620 1279 694 1321 IV.
731 1275 836 1318 Cum
876 1276 1191 1330 experimentum
1226 1271 1340 1314 VIII.
1392 1274 1581 1328 ostendit,
1630 1288 1683 1316 ex
1722 1275 1832 1318 scobe

504 1345 619 1388 ferrea
652 1341 746 1384 nihil
779 1340 828 1381 ad
862 1341 1141 1392 vegetationem
1174 1338 1385 1379 adiumenti
1419 1338 1489 1378 effi:
1507 1338 1803 1392 exspectandum
1824 1373 1835 1394 ,

506 1404 671 1450 fabulofit
703 1403 774 1445 efle
806 1403 921 1444 credo
939 1434 950 1454 ,
985 1415 1078 1457 quae
1113 1399 1343 1443 recensentur
1377 1402 1424 1441 ab
1459 1403 1554 1443 Ant.
1594 1401 1810 1446 LaeGrand
1825 1437 1837 1457 ,

501 1473 543 1514 in
576 1470 742 1529 Historia
783 1468 959 1510 Naturae
981 1499 991 1518 ,
1037 1479 1122 1520 pag.
1185 1478 1269 1515 297
1292 1497 1302 1517 ‚
1354 1465 1419 1506 vbi
1467 1465 1560 1509 haec
1608 1478 1835 1509 occurrunt:

508 1536 621 1595 „Qui
653 1535 853 1589 Iaponiam
881 1537 1166 1588 peragrarunt,
1207 1530 1353 1572 arboris
1384 1530 1571 1572 cuiusdam
1613 1533 1807 1573 meminere
1826 1566 1838 1585 ,

510 1600 637 1654 „adeo
660 1598 765 1655 serri
797 1598 942 1638 amicae
962 1629 973 1648 ,
1005 1602 1049 1637 vt
1069 1627 1081 1647 ‚
1098 1597 1140 1650 fi
1171 1597 1252 1636 cius·
1280 1605 1410 1635 ramus
1443 1597 1579 1644 decisus
1611 1595 1656 1652 0ss
1678 1628 1689 1647 ,
1737 1596 1839 1638 clauo

511 1696 537 1716 „
535 1665 666 1721 ferreo
686 1663 740 1719 fit
772 1660 966 1715 affigendus
987 1692 998 1712 ,
1027 1666 1072 1700 ‘ct
1101 1660 1215 1700 denuo
1244 1657 1492 1711 agglutinetur
1514 1673 1526 1712 3
1563 1660 1632 1700 imo
1650 1661 1690 1715 st
1723 1661 1838 1703 arbor

477 1771 479 1774 ,
511 1725 712 1780 „arescere
762 1727 928 1781 incipiat
949 1756 961 1775 ‚
990 1720 1097 1779 scobe
1120 1725 1227 1780 ferri
1247 1756 1257 1774 ,
1289 1724 1413 1764 radici
1446 1725 1525 1766 eius
1565 1724 1716 1766 admota
1737 1758 1747 1777 ,
1755 1725 1838 1779 sta-

513 1795 599 1845 „tui
629 1792 751 1847 priori
783 1791 1027 1846 rcflituitur.„
1090 1787 1265 1830 Ridicula
1297 1789 1401 1828 cuim
1437 1788 1531 1830 haec
1563 1787 1645 1829 sunt
1677 1798 1758 1831 tam
1790 1789 1837 1833 ab

511 1855 816 1912 experimentiS,
851 1866 964 1908 quum
1001 1853 1048 1893 ab
1080 1852 1284 1893 rationibus
1323 1852 1471 1905 etiam,
1520 1865 1615 1906 quae
1645 1854 1671 1893 l.
1706 1865 1740 1892 c.
1776 1853 1840 1893 nd-

512 1921 709 1961 ducuntur.
746 1918 810 1959 An
831 1918 983 1959 materia
1001 1917 1190 1966 animalis,
1223 1928 1331 1968 car0,
1359 1929 1476 1958 cornu
1493 1917 1613 1965 cerui,
1633 1926 1713 1965 etc,
1735 1917 1839 1968 plan-

515 1994 642 2025 tarum
677 1984 961 2037 vegetationem
994 1981 1131 2034 possint
1163 1981 1328 2020 excitare
1348 2011 1359 2030 ,
1390 1975 1652 2031 ex'perimentn
1674 1980 1842 2021 institue-

514 2058 556 2088 re
592 2047 690 2086 mihi
725 2059 802 2085 non
837 2046 954 2085 licuit.
1021 2044 1084 2084 Ex
1117 2043 1184 2082 illis
1218 2055 1340 2091 vcro,
1372 2054 1464 2094 quae
1505 2053 1613 2083 antea
1647 2045 1836 2098 experim.

515 2108 630 2151 VIII.
668 2108 859 2157 recensui,
896 2107 960 2146 vix
993 2106 1162 2146 dubitare
1206 2105 1355 2158 possum
1387 2107 1436 2146 de
1470 2107 1537 2156 iis,
1588 2121 1683 2161 quae
1728 2108 1839 2150 refert

518 2174 574 2218 Le
606 2171 773 2222 Grand,
807 2171 833 2212 l.
869 2182 902 2210 c.
939 2182 1026 2224 pag.
1074 2181 1162 2219 300
1197 2180 1236 2210 et
1272 2181 1352 2217 :301
1382 2184 1395 2223 ς
1435 2183 1578 2225 nempe
1626 2173 1839 2226 prunellum

1763 2235 1839 2280 suc·
