1971 2700
334 191 475 239 VARI
476 187 706 236 ATIONIS
738 188 822 233 AV
819 186 956 235 GERI
998 186 1219 235 POTEST.
1339 204 1392 233 20
1401 204 1423 241 3

242 306 349 348 Patet
388 319 438 347 ex
475 302 749 345 construffione
790 301 990 345 machinae
1030 304 1077 345 fic
1118 304 1306 358 suspensae
1347 318 1433 345 ceu-

128 379 228 411 trum
260 371 445 424 grauitatis
472 378 675 407 commune
708 366 780 406 effe
813 367 953 407 debere
983 367 1044 407 sub
1078 369 1206 408 media
1247 367 1435 408 Batorne-

129 436 176 474 tri
207 434 395 474 altitudine
428 434 464 472 in
496 429 592 469 linea
626 430 795 469 verticali
826 430 1042 470 machinam
1063 430 1228 472 bifariam
1261 432 1435 472 diuiden-

130 505 182 536 tc.
247 495 288 537 Si
323 503 489 535 mutatur
519 492 675 532 altitudo
707 503 744 532 et
773 493 946 533 decrescit
979 493 1114 547 preffio
1164 496 1260 534 aeris
1280 527 1290 545 ,
1331 506 1434 535 mer·

128 561 248 599 curius
278 558 366 598 fluet
395 559 433 597 in
465 567 528 595 vas
560 554 602 595 D
621 555 658 595 E
692 567 733 596 ct
765 556 1007 597 horizontalis
1049 557 1132 597 situs
1169 558 1348 610 cessabit,
1390 566 1436 598 vt

129 622 195 662 iste
225 621 456 671 restituatur,
490 617 574 658 stilo
607 619 664 660 ab
697 621 847 672 imponi
888 620 1028 660 debent
1084 621 1318 674 ponduscula.
1394 619 1438 661 Si

129 685 266 738 preffio
296 685 387 723 ae'ris
418 690 573 734 augetur
596 712 607 732 ‚
640 680 820 723 affcendit
853 685 1053 723 mercurius
1095 685 1133 722 in
1165 696 1232 724 vas
1270 686 1308 724 A
1327 683 1361 724 B
1400 694 1444 724 et

130 748 244 788 rursus
286 746 369 786 fitus
407 744 652 785 horizontalis
704 755 867 786 mutatur
886 776 898 795 ,
947 755 990 784 vt
1021 745 1229 786 restituatur
1258 748 1341 788 stilo
1374 760 1395 787 c
1416 748 1447 786 d

129 810 208 850 sunt
240 809 468 861 imponenda
519 809 717 861 pondera,
768 808 828 848 vel
862 808 909 848 ab
942 809 1008 849 ab
1042 810 1287 849 remouenda.
1354 806 1435 849 Sint

131 873 213 913 ναῶ
243 873 278 913 Α
299 870 333 911 Β
364 881 400 911 et
433 870 476 912 D
495 870 530 910 E
565 880 688 911 tantae
719 871 935 925 capacitatis
965 881 1006 911 vt
1024 881 1180 925 quatuor
1198 872 1314 913 librae
1332 884 1437 912 mer-

128 937 221 976 curii
254 934 318 975 vel
348 935 387 974 in
420 946 486 975 vas
516 933 559 974 D
578 934 615 974 E
648 934 871 975 descendant
904 933 966 975 vel
997 936 1037 975 in
1068 947 1133 975 vas
1175 935 1214 976 A
1234 934 1269 976 B
1302 934 1436 976 asscen-

124 999 214 1039 dant
231 1031 241 1050 ‚
272 998 299 1039 si
332 998 531 1038 mercurius
564 1009 636 1050 per
666 1006 788 1037 totam
821 996 955 1037 scalam
994 997 1209 1038 variationis
1258 999 1436 1038 barome-

127 1062 239 1101 tricae
272 1060 446 1101 asscendit
478 1059 540 1099 vel
572 1059 786 1111 descendit,
818 1060 990 1100 videntur
1022 1060 1208 1101 minimae
1257 1060 1433 1101 mutatio

126 1136 191 1163 nes
222 1124 316 1163 aeris
347 1123 415 1162 hac
450 1121 626 1162 machina
675 1122 848 1174 cognosci
880 1122 998 1174 posse.
1050 1120 1169 1175 (Non
1210 1132 1337 1164 tamen
1370 1134 1436 1161 ne-

123 1186 288 1239 gandum
321 1184 372 1223 est
403 1182 549 1222 artificis
582 1182 766 1222 summam
801 1183 988 1223 solertiam
1021 1185 1152 1237 requiri
1196 1185 1235 1224 in
1269 1184 1434 1226 constru-

123 1248 245 1287 stione
277 1242 511 1298 machinae.)
544 1242 770 1285 Diuidnntur
800 1245 914 1286 librae
943 1256 1099 1300 quatuor
1123 1249 1161 1288 in
1184 1247 1437 1296 512.dracl1·

123 1321 232 1357 maS,
265 1307 323 1347 vel
357 1306 395 1346 in
430 1309 563 1354 1536.
607 1307 785 1360 scrupula.
858 1308 899 1350 Si
933 1322 1025 1364 ergo
1059 1319 1183 1351 tantae
1230 1311 1433 1365 perfeetio-

121 1372 178 1411 nis
210 1369 381 1410 machina
413 1371 570 1410 construi
603 1370 723 1424 poffet
742 1403 753 1422 ,
787 1382 828 1412 vt
859 1373 1070 1426 scrupulum
1090 1386 1206 1415 vnum
1226 1375 1335 1416 situm
1357 1374 1428 1414 ho-

122 1433 348 1474 rizontalem
380 1443 538 1473 mutaret
555 1466 566 1484 ,
598 1433 686 1474 scala
718 1435 935 1477 variationis
975 1436 1016 1476 in
1053 1441 1186 1487 1536.
1224 1447 1342 1492 partes
1377 1437 1429 1477 di-

127 1497 204 1536 vidi
253 1497 384 1549 posset.
460 1494 508 1536 Si
539 1497 599 1536 cui
629 1498 674 1537 ad
704 1509 743 1536 n.
783 1510 850 1538 ιο.
887 1499 990 1539 huius
1021 1499 1054 1548 §-
1091 1501 1300 1542 attendenti
1331 1512 1431 1554 pon-

125 1560 192 1600 dus
221 1559 415 1600 machinae
445 1568 483 1599 et
516 1559 564 1600 fic
595 1559 755 1601 affristus
786 1562 863 1602 fine
897 1563 1041 1602 ratione
1074 1562 1200 1603 uuekus
1236 1564 1404 1604 videatur
1421 1594 1434 1612 ,

127 1623 166 1661 in
202 1623 332 1661 medio
364 1623 560 1663 machinae
593 1622 715 1663 ferme
734 1657 745 1675 ,
777 1624 905 1678 iugum
941 1625 1008 1665 fitu
1041 1625 1086 1665 nd
1119 1626 1227 1666 tubos
1275 1626 1434 1666 vertica-

128 1685 180 1724 les
215 1684 371 1724 normali
406 1687 639 1726 conuenienti
672 1688 815 1727 ratione
849 1687 1022 1742 adplicari
1070 1697 1110 1727 et
1141 1689 1263 1730 lances
1295 1701 1345 1730 ex
1378 1689 1436 1729 iu-

126 1760 182 1800 go
215 1746 377 1799 suspendi
421 1749 579 1800 poffunt.
657 1758 701 1788 vt
733 1749 799 1802 fig.
841 1763 907 1791 12.
957 1751 1087 1791 videre
1120 1752 1199 1803 est,
1245 1765 1322 1806 quo
1353 1751 1435 1791 casu

126 1809 346 1862 aequilibrio
377 1819 524 1848 mutato
554 1811 701 1862 pondus
731 1814 908 1852 mercurii
941 1814 979 1852 in
1016 1813 1051 1853 E
1070 1812 1133 1853 D*
1165 1814 1313 1854 fluentis
1364 1814 1434 1854 erit

127 1874 174 1913 ad
208 1873 354 1925 pondus
384 1871 625 1924 aequilibrum
657 1872 826 1914 resituens
857 1876 895 1914 in
928 1875 1033 1916 lance
1066 1877 1109 1916 X
1139 1877 1358 1929 ponendum
1380 1888 1434 1917 z

129 1935 213 1976 ΡΟ
237 1934 354 1975 :OR
388 1943 426 1972 ct
459 1935 602 1986 pondus
634 1937 813 1976 mercurii
847 1939 886 1978 in
917 1937 955 1977 A
975 1937 1008 1978 B
1040 1940 1272 1981 recendentis
1304 1939 1357 1979 est
1386 1939 1432 1979 ad

129 1999 275 2051 pondus
308 1995 549 2050 aequilibrum
584 1998 779 2038 restituens
811 2001 850 2039 in
883 2000 989 2041 lance
1023 2000 1064 2047 Y
1096 2003 1431 2045 collocandum:

127 2058 392 2117 QO:OS:
427 2059 611 2101 :PO;
648 2060 755 2104 OR.

695 2183 842 2229 CC2
1365 2191 1430 2234 De
