1971 2700
507 139 601 182 374-
831 126 913 170 DE
946 123 1162 170 BESTIIS
1196 122 1250 168 M
1255 118 1473 172 ARINIS.

507 243 768 299 palmipedum
809 243 916 297 digiti
965 242 1243 296 distinguuntur.
1309 240 1451 296 Singuli
1485 239 1594 294 digiti
1645 245 1827 296 vngrfibus

506 313 625 363 nigris
655 309 832 359 aduncis,
867 307 1039 348 breuibus
1071 307 1340 360 praefiniuntur
1376 319 1414 345 2.
1451 307 1560 346 lineas
1578 305 1722 359 longis:
1742 311 1826 362 q‘m-

510 385 597 415 tuor
628 374 765 414 extimi
803 373 910 424 digiti
944 371 1071 424 linguli
1105 386 1146 422 4.
1181 371 1500 412 articulationibus
1538 369 1740 422 constant,
1771 372 1830 414 in-

510 441 624 479 timus
658 438 785 476 tribus.
862 435 1046 476 Extimus
1077 437 1213 489 digitus
1245 446 1430 490 practerea
1464 436 1509 476 ad
1546 435 1658 474 latera
1678 435 1835 477 larzicu-

511 512 549 541 tc
582 511 765 554 augetur,
799 509 842 539 vt
875 501 912 540 in
946 501 1073 540 auibus
1112 500 1416 554 palmipedibus:
1471 499 1608 553 digitus
1656 509 1836 542 externus

513 565 663 619 reliqiiis
697 563 885 604 tantillum
921 564 1071 618 longior
1089 597 1099 616 ,
1135 563 1385 619 subicqucntes
1410 564 1592 618 gradatim
1614 563 1834 606 breuiores:

514 628 654 681 tarius,
688 629 900 670 metatarliis
933 639 970 668 ct
1003 629 1111 682 digiti
1146 640 1224 669 tam
1260 641 1407 683 prone,
1441 641 1554 683 quam
1592 628 1719 681 supine
1753 629 1837 683 pilis

514 694 603 734 tec'ti
624 727 634 746 ,
667 695 838 747 exceptis
872 693 1078 747 digitorum
1113 694 1305 747 apicibuS,
1353 694 1414 747 qui
1447 693 1541 733 calui
1576 693 1672 746 nigri
1724 691 1841 746 asperi

514 760 626 811 sunt,
659 767 700 797 xt
734 758 859 810 planta
891 758 1030 812 pedum
1065 759 1305 798 anteriorum.
1341 758 1522 814 Quamuis
1555 756 1592 797 hi
1613 757 1728 810 pedes
1748 768 1843 812 pen·

516 824 621 874 nati,
658 822 857 875 pinnarum
893 823 993 862 vices
1027 820 1206 873 iubeant,
1239 823 1523 876 plurimumque
1565 822 1710 862 natanti
1762 822 1844 862 ani·

517 887 607 927 mali
639 898 796 939 operam
834 885 1017 938 praestent
1039 916 1048 934 ‚
1083 884 1204 925 nihilo
1239 896 1369 926 tamen
1405 887 1527 927 minus
1559 887 1595 925 in
1630 885 1846 927 continente

516 951 624 990 aliter
657 962 699 990 ac
735 951 769 988 in
805 949 931 1002 phoca
966 950 1105 1002 pedum
1143 947 1276 990 officio
1306 951 1449 991 strenue
1482 949 1710 1004 funguntur,
1743 951 1845 1004 quod

518 1027 613 1054 vcro
631 1011 773 1054 cursum
793 1014 1087 1067 quodammodo
1119 1024 1328 1054 remoratur
1348 1047 1358 1065 ,
1393 1014 1620 1066 longitudini
1640 1016 1765 1067 potius
1783 1025 1851 1068 pc·

517 1080 610 1118 dum
647 1078 896 1130 posteriorum
920 1110 929 1126 ,
961 1088 998 1116 et
1031 1080 1129 1130 quod
1161 1090 1236 1118 ano
1257 1078 1458 1119 viciniores
1476 1077 1575 1129 sint,
1595 1078 1853 1120 tribuendum.

637 1141 744 1180 Penis
777 1141 813 1180 in
847 1140 1012 1180 masculo
1045 1141 1188 1191 ossi-us,
1242 1142 1278 1180 in
1313 1143 1450 1194 ragina
1486 1141 1546 1180 sub
1578 1151 1663 1181 cute
1714 1154 1847 1183 recon-

520 1205 617 1246 ditus
649 1205 801 1244 tertiam
837 1205 1005 1257 corporis
1039 1204 1101 1243 xbi
1134 1203 1309 1243 exseritur
1344 1204 1500 1243 inchoat
1520 1213 1561 1243 vt
1596 1204 1634 1243 in
1678 1204 1782 1246 lutra.

639 1266 684 1307 ln
719 1267 892 1307 {berne-lla
925 1277 1050 1306 autem
1087 1268 1302 1319 pudendum
1323 1269 1400 1307 satis
1418 1267 1598 1320 :implum
1626 1267 1715 1309 infra
1735 1282 1850 1311 anum

525 1332 648 1372 statim
696 1331 842 1383 Iitumz,
896 1343 983 1370 :inus
1016 1340 1140 1370 :intem
1180 1331 1358 1382 scriuzieo
1390 1329 1511 1383 piloso
1543 1331 1590 1370 ad
1626 1344 1745 1372 vnum
1766 1334 1853 1387 pol-

521 1396 634 1436 licem
668 1407 688 1434 a
708 1396 884 1448 pudendo
904 1393 1096 1447 lep-aratus.
1126 1393 1302 1434 'I'clliculi
1334 1392 1424 1434 soris
1455 1405 1533 1434 non
1565 1398 1733 1435 multum
1767 1406 1859 1450 pro-

525 1470 706 1508 minent,
742 1471 810 1499 nec
844 1459 1021 1513 peculiari
1054 1459 1180 1500 loculo
1214 1457 1482 1511 includuntur,
1534 1455 1595 1499 std
1635 1459 1860 1502 immediate

526 1535 612 1564 cute
645 1523 897 1564 inuoluuntur.

608 1593 615 1600 ‘
643 1586 773 1628 Cznida
809 1587 930 1628 liurma
962 1587 1112 1640 quidem
1171 1587 1346 1628 lutrinum
1380 1585 1613 1628 exactiffimc
1649 1586 1861 1640 rcfcnffu·

531 1665 648 1707 perne
681 1661 719 1691 ct
753 1650 893 1692 inferne
926 1650 997 1691 scre
1031 1652 1170 1704 plana,
1206 1651 1275 1691 lata
1296 1684 1306 1702 ,
1340 1651 1450 1691 larem
1487 1651 1602 1705 triplo
1653 1653 1862 1706 angustiora

530 1718 644 1758 habet
665 1749 675 1767 ,
708 1728 751 1755 ac
784 1729 804 1756 a
838 1717 961 1757 radice
994 1716 1122 1756 l'tnfim
1160 1717 1194 1756 in
1229 1728 1387 1756 acumen
1423 1715 1553 1756 desinit
1573 1747 1583 1765 ,
1619 1715 1771 1757 breuior
1806 1728 1864 1759 ta-

532 1794 623 1822 men
657 1779 822 1821 multum
854 1781 928 1832 cll,
958 1792 1074 1835 quam
1109 1780 1148 1820 in
1199 1779 1293 1819 lutra
1324 1791 1503 1833 aquarum
1521 1779 1699 1821 dulcium.
1742 1780 1788 1823 In
1808 1782 1865 1824 lu-

532 1856 586 1886 tra
619 1856 798 1898 aquarum
832 1845 997 1886 dulcium
1033 1843 1149 1884 cauda
1181 1842 1380 1884 dimidiam
1414 1845 1530 1883 totius
1569 1845 1688 1884 trunci
1740 1846 1865 1901 longi-

533 1911 702 1948 tudinem
739 1910 885 1949 obtinct
906 1942 916 1959 ,
953 1911 989 1949 in
1026 1921 1171 1949 marina
1206 1911 1290 1957 4¹¹³¹¹¹
1322 1906 1566 1947 solummodo
1599 1918 1762 1960 purtem.
1816 1910 1861 1953 In

533 1972 628 2012 lutra
682 1972 846 2012 fluuiatili
884 1973 1104 2026 posteriores
1138 1973 1252 2025 pedes
1283 1971 1440 2021 breues,
1494 1982 1705 2026 corumque
1753 1986 1862 2016 mcn-

533 2037 609 2075 iura
645 2034 760 2073 sexies
793 2037 831 2075 in
865 2047 999 2076 trunco
1029 2035 1276 2084 continetur,
1308 2033 1345 2072 in
1381 2035 1525 2074 marina
1558 2047 1687 2077 nutem
1721 2051 1763 2089 4.
1794 2037 1864 2080 fiil-

533 2099 608 2140 tim
640 2097 815 2153 vicibu53
849 2108 1050 2154 propterca
1081 2108 1119 2140 ct
1150 2097 1266 2139 cauda
1299 2096 1448 2140 breuior
1507 2100 1674 2143 multum
1715 2103 1866 2146 videtur

1821 2179 1861 2208 m
