1971 2700
505 207 597 247 204
689 192 771 236 DE
802 189 1207 245 BAROMETRO,
1241 186 1406 236 CVWS
1435 187 1625 238 SCALA

762 303 855 365 De
900 302 1212 363 Barometro
1255 298 1565 382 hydraulico.

618 425 653 473 ς.
677 436 748 462 22.
784 421 889 464 Cum
921 433 1124 476 occupatus
1165 424 1279 465 effem
1317 426 1356 465 iu
1391 424 1448 464 hi>
1483 423 1826 481 meditationibus,

501 488 616 529 incidi
649 489 763 527 etiam
798 488 835 526 in
871 486 1132 538 barometrum
1185 488 1333 542 aliquod
1388 488 1642 539 hydraulicum
1662 520 1672 540 ‚
1708 490 1827 543 ,quod

502 561 637 604 aptum
673 549 790 590 visun.
823 550 876 590 est
894 582 906 601 ,
938 549 1193 593 altitudinibus
1209 553 1375 593 exactius
1399 552 1665 592 dimeutiendis
1683 584 1694 604 ,
1712 565 1828 606 quam

487 621 570 668 'per
603 614 821 654 barometra
855 614 1040 668 hucusque
1081 616 1231 670 cognita
1265 615 1343 656 fieri
1378 616 1509 671 potest.
1597 616 1701 656 Ante
1734 627 1829 657 vero

501 676 583 718 vsus
616 679 692 719 eius
725 677 900 732 cognosci
936 690 1014 718 non
1050 682 1219 733 poterit,
1250 692 1363 734 quam
1417 680 1683 733 experimento
1733 692 1829 721 con-

501 741 604 793 stet,
637 753 819 796 quantum
856 743 1031 783 mercurii
1063 756 1114 784 ex
1145 755 1252 786 certo
1287 743 1429 785 lumine
1466 743 1525 784 iub
1559 754 1657 784 certa
1702 743 1829 785 altitu·

501 805 591 845 dine
623 815 730 846 certo
763 817 940 860 tempore
970 807 1153 849 eiiciatur.

626 870 659 918 §.
685 880 755 918 23.
791 869 900 910 Hunc
941 871 980 910 in
1012 870 1131 911 finem
1188 869 1227 926 1)
1260 873 1414 925 eligatur
1462 872 1568 912 tubus
1597 872 1636 912 A
1655 869 1689 911 B
1721 873 1761 911 in
1789 871 1831 913 A

510 944 660 986 apertus
691 943 731 974 et
759 934 933 987 capacior
965 943 1004 972 et
1034 935 1073 973 in
1108 932 1141 974 B
1173 936 1391 976 coniunctus
1418 948 1508 976 cum
1539 934 1624 976 vale
1659 936 1832 990 quodam

511 994 627 1050 BB,
661 1009 738 1052 ope
770 996 930 1038 cohleae
963 1005 1005 1036 vt
1040 1009 1107 1037 vas
1138 996 1226 1038 BC
1258 999 1344 1038 tolli
1377 998 1501 1052 poffit.

627 1064 672 1109 2)
709 1061 787 1101 Vas
827 1058 913 1101 BC
947 1060 1054 1102 abeat
1085 1063 1123 1101 in
1156 1075 1297 1104 conum
1328 1062 1478 1102 luminis
1510 1062 1650 1116 exigui.

625 1123 667 1179 3)
699 1124 904 1166 Orificium
937 1121 972 1163 C
1005 1125 1197 1166 obturetur
1241 1137 1279 1166 et
1311 1136 1411 1166 totus
1456 1127 1563 1166 tubus
1614 1127 1648 1167 A
1671 1123 1707 1168 Β
1739 1138 1830 1168 cum

503 1186 594 1230 vase
626 1185 714 1228 BC
749 1187 957 1240 impleatur
990 1190 1181 1228 mercurio
1212 1201 1328 1241 vsque
1359 1189 1405 1230 ad
1446 1188 1498 1228 A.

623 1249 668 1306 4)
703 1250 912 1292 Immineat
958 1251 1053 1291 tubo
1086 1253 1124 1293 A
1148 1250 1182 1292 B
1216 1263 1281 1292 vas
1312 1251 1348 1292 E
1368 1249 1410 1292 D
1430 1250 1460 1290 F
1495 1252 1697 1292 immobile
1718 1282 1731 1303 ‚
1763 1265 1833 1294 cu-

506 1315 560 1356 ius
589 1325 761 1369 apertura
797 1317 831 1356 E
886 1314 1022 1366 exigua
1056 1314 1099 1355 sit
1132 1325 1170 1355 et
1203 1314 1378 1356 foramen
1429 1314 1459 1355 F
1495 1315 1591 1355 bene
1640 1314 1760 1355 claudi
1791 1326 1833 1358 et

505 1386 635 1419 contra
670 1378 869 1430 ingrestum
903 1378 999 1418 a‘e‘ris
1031 1377 1180 1419 defendi
1215 1378 1339 1431 ponit.

631 1440 674 1496 5)
710 1441 923 1495 Implentur
956 1453 1021 1482 vas
1050 1440 1146 1482 ΕΙ)
1166 1442 1195 1483 F
1229 1443 1346 1483 etiam
1381 1440 1568 1482 mercurio
1599 1451 1638 1482 et
1671 1441 1832 1483 immer-

506 1516 614 1559 gatur
647 1506 684 1547 E
717 1505 904 1547 mercurio
939 1507 976 1546 in
1011 1506 1049 1546 A
1069 1503 1104 1546 B
1137 1506 1315 1560 stagnanti
1355 1506 1620 1559 obtureturque
1660 1515 1832 1559 apertura

507 1570 538 1610 F
573 1570 665 1609 bene
686 1602 696 1621 ,
730 1580 774 1610 vt
805 1570 922 1610 nullus
952 1571 1030 1610 aeri
1063 1571 1182 1611 aditus
1214 1579 1371 1624 pateat,
1403 1581 1538 1623 vasque
1557 1568 1679 1624 ipsum
1698 1568 1830 1611 EDF

506 1632 672 1674 fulciatur
714 1633 820 1673 bene.
900 1632 1054 1674 Deinde

626 1694 670 1751 6)
706 1698 751 1738 ad
786 1709 917 1737 manus
947 1697 989 1738 sit
1022 1710 1086 1738 vas
1119 1697 1218 1740 ΝΟ
1251 1707 1289 1739 et
1340 1695 1402 1738 sub
1435 1708 1606 1753 apertum
1638 1695 1673 1738 C
1705 1706 1830 1739 tenea·

506 1770 577 1801 tur.

625 1823 670 1879 7)
707 1825 883 1879 Tempus
915 1835 1064 1866 notetur
1094 1836 1131 1866 et
1163 1826 1275 1867 simul
1322 1824 1513 1868 orificium
1547 1824 1583 1867 C
1616 1826 1829 1880 aperiatur,

511 1890 720 1930 mercurius
753 1890 869 1931 fluere
890 1891 1042 1943 incipiet
1075 1891 1261 1931 celeritate
1292 1890 1475 1931 altitudini
1509 1889 1543 1930 C
1561 1891 1600 1930 A
1633 1889 1755 1928 debita
1790 1898 1830 1929 et

510 1952 656 1993 fluxum
692 1954 926 1994 continuabit
958 1955 1091 1995 cadem
1127 1954 1274 2008 semper
1304 1953 1495 1993 celeritate
1517 1983 1529 2003 ‚
1571 1953 1656 2005 quia
1691 1952 1828 1993 cadem

508 2015 667 2055 altitudo
701 2019 874 2058 mercurii
907 2018 1139 2057 conferuntur
1175 2030 1245 2070 per
1276 2028 1340 2055 vas
1373 2014 1532 2067 lupetius
1564 2015 1599 2057 E
1619 2014 1660 2055 Ι)
1684 2015 1712 2056 F
1735 2049 1747 2068 ,
1779 2027 1829 2057 ex

508 2090 584 2131 quo
618 2082 820 2119 mercurius
853 2079 969 2119 affluit
1002 2089 1039 2118 et
1072 2080 1307 2119 altitudinem
1329 2090 1512 2131 perpetuo
1530 2079 1694 2120 restituit.
1717 2079 1827 2122 Dum

509 2142 617 2182 enim
650 2142 808 2183 altitudo
842 2155 974 2195 parum
1007 2142 1179 2183 decrescit
1200 2175 1210 2195 ,
1243 2151 1280 2183 et
1313 2152 1483 2196 apertura
1517 2144 1553 2186 E
1587 2143 1771 2197 separatur
1805 2154 1828 2182 a

1699 2205 1826 2259 supcr-
