1971 2700
553 213 646 264 ³56
886 209 966 252 DE
997 175 1223 253 BEST'HS
1256 205 1519 251 MARmrs.

545 331 620 373 rim
642 363 652 382 ‚
687 327 911 384 posteriores
943 328 1075 381 pinnas
1110 325 1216 379 saepe
1248 337 1299 366 ex
1320 325 1421 378 aquis
1439 322 1614 364 attollunt
1634 323 1752 373 ,a'e're
1770 326 1867 369 suffi-

545 397 684 436 cienter
718 392 926 446 inspirato,
963 399 1025 430 aut
1058 402 1080 430 e
1109 389 1329 430 continente
1365 400 1470 429 mare
1512 397 1682 442 petentes
1698 387 1865 441 primum

545 461 666 512 capite
700 458 802 510 aquis
841 453 1029 495 submerso
1063 465 1309 508 merguntur,
1341 454 1452 494 instar
1482 465 1583 494 rotae
1604 485 1613 503 ‚
1658 463 1699 491 vt
1733 453 1869 496 bestiae

545 524 715 563 marinae
749 520 962 574 grandiores
996 518 1072 558 sere
1124 530 1260 559 omnes
1309 518 1402 558 lutm
1423 551 1434 570 ‚
1483 519 1546 559 leo
1597 517 1682 556 imo
1714 519 1867 560 balaena

543 597 632 626 orca
667 596 706 625 et
741 584 938 639 phocaena
970 581 1058 638 ipfii.

659 649 825 707 Quando
846 652 973 688 laxum
993 646 1212 698 ascendunt,
1232 646 1440 702 phocarum
1463 659 1570 687 more
1583 648 1746 700 pinnatis
1763 658 1867 689 ante-

541 714 700 755 rioribus
709 712 958 768 pedibusillud
972 711 1472 766 apprehendunt,reliqunm
1491 725 1628 766 corpus
1647 712 1729 766 posl
1743 711 1776 752 le
1796 722 1865 754 tra-

539 778 665 832 hunt,
700 776 812 819 dorm
843 789 947 818 arcus
978 788 1092 817 more
1126 776 1343 825 commisto,
1379 790 1421 817 ac
1440 777 1562 830 capite
1589 776 1767 830 demisso,
1792 789 1868 831 quo

539 844 699 897 corpori
733 842 994 882 clasticitatem
1030 840 1259 881 concilient:
1294 839 1394 881 cursu
1428 841 1498 881 vix
1534 854 1575 881 nc
1610 855 1654 881 ne
1689 841 1756 880 vix
1787 841 1864 894 qui-

537 905 628 948 dem
674 918 695 947 a
730 906 838 946 celeri
888 905 1034 956 cursore
1083 903 1324 958 superantur,
1377 905 1592 959 praesertim
1647 904 1865 948 foemellne.

538 960 627 1013 Nec
646 970 802 1011 dubium
824 969 996 1009 multose
1014 969 1120 1008 nobis
1138 967 1282 1008 occifi)s
1293 967 1433 1009 futuros
1452 969 1550 1010 suissi:
1570 970 1718 1020 abillis,
1740 970 1763 1010 ίῐ
1785 980 1868 1010 tan—

537 1044 622 1090 tum
674 1035 831 1089 pedibus
880 1034 1047 1074 valerent
1082 1033 1118 1072 in
1152 1033 1401 1085 continente,
1451 1045 1630 1086 quantum
1666 1036 1704 1074 in
1740 1035 1867 1087 mari,

536 1110 607 1138 nec
638 1097 850 1137 consultum
885 1097 936 1136 est
971 1097 1008 1136 in
1046 1109 1182 1148 magna
1217 1096 1368 1150 planitie
1401 1109 1490 1137 cnm
1526 1097 1603 1138 iliis.
1622 1107 1763 1137 certare
1791 1099 1867 1140 ,ibi

536 1161 646 1201 enim
683 1161 750 1201 vix
784 1162 975 1214 quisquam
1011 1158 1159 1211 effugiet
1180 1192 1190 1210 ,
1238 1161 1290 1199 ob
1324 1161 1360 1199 id
1394 1173 1525 1200 antem
1559 1161 1660 1212 qnod
1713 1162 1867 1203 acclini-‚1

534 1223 618 1265 loca
652 1223 844 1263 ascendere
880 1233 1098 1276 nequeunt,
1132 1222 1222 1263 haec
1254 1223 1360 1263 nobis
1393 1222 1541 1275 semper
1573 1222 1672 1263 fiunti
1704 1225 1863 1266 fuerunt.

535 1286 765 1330 obsiderunt
800 1298 865 1326 me
895 1285 1093 1338 aliquando
1133 1287 1331 1338 plusquam
1382 1300 1449 1339 per
1484 1291 1526 1326 6.
1563 1286 1673 1326 horas
1707 1300 1747 1328 et
1780 1300 1866 1329 tan-

533 1353 628 1393 dem
663 1359 897 1405 coegerunt,
934 1359 976 1389 vt
1011 1347 1188 1388 maximo
1221 1350 1323 1388 vitae
1355 1350 1568 1389 discrimine
1598 1353 1864 1404 praecipitium

534 1416 797 1466 ascenderem,
829 1425 966 1468 meque
1001 1411 1071 1453 hac
1106 1412 1252 1453 ratione
1285 1414 1385 1453 iratis
1417 1411 1474 1453 his
1508 1410 1630 1452 bestiis
1663 1411 1864 1456 subducere

537 1481 694 1536 possem.

534 1597 540 1601 .
649 1545 690 1587 Si
725 1557 923 1587 numerum
960 1544 1053 1584 inire
1088 1544 1248 1585 debeam
1270 1576 1280 1594 ,
1329 1552 1424 1598 quot
1465 1541 1626 1583 viderim
1679 1542 1718 1582 in
1753 1542 1864 1585 insula

532 1606 729 1664 Beringii,
764 1610 900 1664 absque
935 1609 1136 1649 mendacio
1169 1610 1295 1648 dicam
1348 1618 1577 1662 computum
1631 1606 1732 1646 inere
1786 1618 1863 1648 non

532 1675 637 1730 posse
661 1707 672 1726 ,
709 1673 997 1715 innumerabiles
1030 1671 1100 1712 effe
1120 1706 1130 1724 ,
1165 1683 1291 1712 totum
1337 1672 1422 1713 litus
1472 1671 1585 1712 maris
1631 1671 1863 1724 cooperire,

533 1751 602 1780 me
634 1749 673 1780 et
706 1737 911 1780 Cafitccnm
948 1749 1081 1778 meum
1117 1736 1431 1777 obambulantem
1452 1746 1577 1776 totam
1599 1731 1754 1775 insulam
1773 1746 1859 1789 qua-

530 1803 750 1858 quauersum
786 1801 928 1856 saepius
958 1801 1116 1856 coegiss'e
1139 1837 1148 1852 ‚
1182 1800 1323 1841 relid'tis
1356 1799 1524 1840 litoribus
1557 1807 1710 1839 montes
1729 1808 1859 1852 petere

528 1878 569 1908 ct
607 1871 644 1909 in
679 1868 830 1910 illorum
867 1868 1008 1907 vertice
1044 1863 1200 1919 operose
1232 1865 1338 1905 viam
1361 1863 1539 1918 prosequi.
1610 1860 1749 1902 Lutme
1777 1875 1862 1905 ma·

529 1932 633 1972 rinae
665 1946 731 1973 eos
769 1932 874 1972 valde
925 1930 1174 1972 reformidant
1206 1939 1245 1969 ct
1277 1927 1454 1969 mriffime
1488 1928 1584 1966 inter
1618 1925 1703 1966 illos
1752 1929 1860 1968 inue-

529 1995 678 2035 niuntur
699 2029 709 2046 ,
743 1997 882 2048 puriter
914 2006 955 2034 ac
991 1994 1137 2048 phocae
1157 2024 1167 2042 ,
1202 1993 1328 2031 leones
1378 2000 1506 2031 autem
1552 1991 1685 2030 marini
1726 1991 1857 2045 ingen-

529 2058 629 2099 tibus
659 2059 832 2112 gregibus
864 2060 959 2098 inter
991 2056 1070 2096 illos·
1104 2056 1271 2096 habitant
1302 2067 1346 2094 ac
1379 2055 1492 2095 valde
1527 2055 1707 2095 timentur
1726 2089 1737 2105 ,
1781 2052 1855 2110 pti·

527 2134 590 2162 ma
627 2122 773 2176 semper
807 2122 888 2162 loca
923 2129 1144 2173 occupant,
1178 2130 1249 2158 nec
1284 2117 1387 2159 fficile
1420 2120 1457 2159 in
1490 2119 1641 2160 illorum
1687 2122 1852 2173 praeien-

528 2185 584 2227 tia
613 2185 695 2230 lites
725 2195 914 2240 mouent,
946 2198 995 2226 ne
1025 2183 1098 2226 hos
1126 2183 1289 2226 crudeles
1320 2184 1480 2227 arbitros
1509 2185 1752 2240 experiantur
1769 2214 1781 2233 ,
1811 2183 1851 2224 hi

1746 2257 1851 2288 enim
