<?xml version="1.0" encoding="UTF-8"?>
<!DOCTYPE html PUBLIC "-//W3C//DTD XHTML 1.0 Transitional//EN"
    "http://www.w3.org/TR/xhtml1/DTD/xhtml1-transitional.dtd">
<html xmlns="http://www.w3.org/1999/xhtml" xml:lang="en" lang="en">
 <head>
  <title>
</title>
<meta http-equiv="Content-Type" content="text/html;charset=utf-8" />
  <meta name='ocr-system' content='tesseract 3.04.00' />
  <meta name='ocr-capabilities' content='ocr_page ocr_carea ocr_par ocr_line ocrx_word'/>
</head>
<body>
  <div class='ocr_page' id='page_1' title='image "./novicommentariac02impe_0477.png"; bbox 0 0 1971 2700; ppageno 0'>
   <div class='ocr_carea' id='block_1_1' title="bbox 378 177 1416 228">
    <p class='ocr_par' dir='ltr' id='par_1_1' title="bbox 378 177 1416 228">
     <span class='ocr_line' id='line_1_1' title="bbox 378 177 1416 228; baseline -0.006 -4"><span class='ocrx_word' id='word_1_1' title='bbox 378 179 639 225; x_wconf 86' lang='lat' dir='ltr'><strong><em>ECLIPSES</em></strong></span> <span class='ocrx_word' id='word_1_2' title='bbox 670 179 796 223; x_wconf 88' lang='lat' dir='ltr'>LVM</span> <span class='ocrx_word' id='word_1_3' title='bbox 800 177 1013 223; x_wconf 83' lang='lat' dir='ltr'><em>INARIV</em></span> <span class='ocrx_word' id='word_1_4' title='bbox 1012 177 1066 220; x_wconf 89' lang='lat' dir='ltr'><em>M</em></span> <span class='ocrx_word' id='word_1_5' title='bbox 1068 208 1077 218; x_wconf 93' lang='lat'><em>.</em></span> <span class='ocrx_word' id='word_1_6' title='bbox 1095 217 1099 222; x_wconf 86' lang='lat'><em>.</em></span> <span class='ocrx_word' id='word_1_7' title='bbox 1329 189 1416 228; x_wconf 75' lang='lat'>441</span> 
     </span>
    </p>
   </div>
   <div class='ocr_carea' id='block_1_2' title="bbox 54 286 1425 473">
    <p class='ocr_par' dir='ltr' id='par_1_2' title="bbox 54 286 1425 473">
     <span class='ocr_line' id='line_1_2' title="bbox 116 286 1425 345; baseline -0.009 -6"><span class='ocrx_word' id='word_1_8' title='bbox 116 297 169 339; x_wconf 88' lang='lat' dir='ltr'>les</span> <span class='ocrx_word' id='word_1_9' title='bbox 202 295 449 343; x_wconf 72' lang='lat' dir='ltr'>assumantur,</span> <span class='ocrx_word' id='word_1_10' title='bbox 484 294 525 334; x_wconf 90' lang='lat' dir='ltr'>in</span> <span class='ocrx_word' id='word_1_11' title='bbox 557 304 712 345; x_wconf 85' lang='lat' dir='ltr'>quarum</span> <span class='ocrx_word' id='word_1_12' title='bbox 744 290 858 331; x_wconf 85' lang='lat' dir='ltr'>altera</span> <span class='ocrx_word' id='word_1_13' title='bbox 888 287 1082 330; x_wconf 82' lang='lat' dir='ltr'>inclinatio</span> <span class='ocrx_word' id='word_1_14' title='bbox 1112 286 1302 327; x_wconf 85' lang='lat' dir='ltr'>distantiae</span> <span class='ocrx_word' id='word_1_15' title='bbox 1333 298 1425 328; x_wconf 85' lang='lat' dir='ltr'>cen·</span> 
     </span>
     <span class='ocr_line' id='line_1_3' title="bbox 119 350 1424 407; baseline -0.008 -6"><span class='ocrx_word' id='word_1_16' title='bbox 119 371 261 401; x_wconf 89' lang='lat' dir='ltr'>trorum</span> <span class='ocrx_word' id='word_1_17' title='bbox 294 357 419 398; x_wconf 87' lang='lat' dir='ltr'>Lunae</span> <span class='ocrx_word' id='word_1_18' title='bbox 450 366 491 396; x_wconf 93' lang='lat' dir='ltr'>et</span> <span class='ocrx_word' id='word_1_19' title='bbox 523 355 621 396; x_wconf 88' lang='lat' dir='ltr'>Solis</span> <span class='ocrx_word' id='word_1_20' title='bbox 651 354 697 395; x_wconf 91' lang='lat' dir='ltr'>ad</span> <span class='ocrx_word' id='word_1_21' title='bbox 731 353 948 407; x_wconf 83' lang='lat' dir='ltr'>eclipticam</span> <span class='ocrx_word' id='word_1_22' title='bbox 974 362 1014 392; x_wconf 90' lang='lat' dir='ltr'>et</span> <span class='ocrx_word' id='word_1_23' title='bbox 1032 350 1249 406; x_wconf 83' lang='lat' dir='ltr'>parallelum</span> <span class='ocrx_word' id='word_1_24' title='bbox 1268 350 1424 402; x_wconf 85' lang='lat' dir='ltr'>Aequa-</span> 
     </span>
     <span class='ocr_line' id='line_1_4' title="bbox 54 413 1424 473; baseline -0.007 -10"><span class='ocrx_word' id='word_1_25' title='bbox 54 437 58 441; x_wconf 92' lang='lat'>·</span> <span class='ocrx_word' id='word_1_26' title='bbox 119 425 208 463; x_wconf 81' lang='lat' dir='ltr'>toris</span> <span class='ocrx_word' id='word_1_27' title='bbox 240 419 374 473; x_wconf 86' lang='lat' dir='ltr'>angulo</span> <span class='ocrx_word' id='word_1_28' title='bbox 426 420 532 459; x_wconf 62' lang='lat' dir='ltr'>recto</span> <span class='ocrx_word' id='word_1_29' title='bbox 582 420 764 473; x_wconf 85' lang='lat' dir='ltr'>proxime</span> <span class='ocrx_word' id='word_1_30' title='bbox 798 417 926 458; x_wconf 90' lang='lat' dir='ltr'>minor</span> <span class='ocrx_word' id='word_1_31' title='bbox 947 448 958 469; x_wconf 91' lang='lat'>,</span> <span class='ocrx_word' id='word_1_32' title='bbox 1007 416 1046 456; x_wconf 90' lang='lat' dir='ltr'>in</span> <span class='ocrx_word' id='word_1_33' title='bbox 1075 414 1191 456; x_wconf 86' lang='lat' dir='ltr'>altera</span> <span class='ocrx_word' id='word_1_34' title='bbox 1240 413 1424 469; x_wconf 87' lang='lat' dir='ltr'>proxime</span> 
     </span>
    </p>
   </div>
   <div class='ocr_carea' id='block_1_3' title="bbox 119 484 334 528">
    <p class='ocr_par' dir='ltr' id='par_1_3' title="bbox 119 484 334 528">
     <span class='ocr_line' id='line_1_5' title="bbox 119 484 334 528; baseline -0.023 0"><span class='ocrx_word' id='word_1_35' title='bbox 119 487 240 528; x_wconf 86' lang='lat' dir='ltr'>maior</span> <span class='ocrx_word' id='word_1_36' title='bbox 270 484 334 524; x_wconf 84' lang='lat' dir='ltr'>est.</span> 
     </span>
    </p>
   </div>
   <div class='ocr_carea' id='block_1_4' title="bbox 113 604 1484 1105">
    <p class='ocr_par' dir='ltr' id='par_1_4' title="bbox 113 604 1426 1105">
     <span class='ocr_line' id='line_1_6' title="bbox 230 604 1426 666; baseline -0.003 -16"><span class='ocrx_word' id='word_1_37' title='bbox 230 611 264 659; x_wconf 68' lang='grc' dir='ltr'>ς.</span> <span class='ocrx_word' id='word_1_38' title='bbox 287 614 324 650; x_wconf 90' lang='grc'>8.</span> <span class='ocrx_word' id='word_1_39' title='bbox 359 610 553 666; x_wconf 78' lang='lat' dir='ltr'>Quoniam</span> <span class='ocrx_word' id='word_1_40' title='bbox 585 609 623 649; x_wconf 88' lang='lat' dir='ltr'>in</span> <span class='ocrx_word' id='word_1_41' title='bbox 655 609 859 650; x_wconf 86' lang='lat' dir='ltr'>corollariis</span> <span class='ocrx_word' id='word_1_42' title='bbox 875 620 926 650; x_wconf 84' lang='lat' dir='ltr'>ex</span> <span class='ocrx_word' id='word_1_43' title='bbox 957 605 1213 648; x_wconf 84' lang='lat' dir='ltr'>obseruatione</span> <span class='ocrx_word' id='word_1_44' title='bbox 1247 604 1426 660; x_wconf 82' lang='lat' dir='ltr'>eclipseos</span> 
     </span>
     <span class='ocr_line' id='line_1_7' title="bbox 118 666 1426 723; baseline -0.004 -8"><span class='ocrx_word' id='word_1_45' title='bbox 118 675 264 716; x_wconf 66' lang='lat' dir='ltr'>Lunaris·</span> <span class='ocrx_word' id='word_1_46' title='bbox 295 674 369 714; x_wconf 93' lang='lat' dir='ltr'>hoc</span> <span class='ocrx_word' id='word_1_47' title='bbox 403 675 491 714; x_wconf 91' lang='lat' dir='ltr'>loco</span> <span class='ocrx_word' id='word_1_48' title='bbox 523 666 783 713; x_wconf 83' lang='lat' dir='ltr'>describendae</span> <span class='ocrx_word' id='word_1_49' title='bbox 812 672 1030 712; x_wconf 80' lang='lat' dir='ltr'>decucendis</span> <span class='ocrx_word' id='word_1_50' title='bbox 1063 681 1174 711; x_wconf 90' lang='lat' dir='ltr'>motu</span> <span class='ocrx_word' id='word_1_51' title='bbox 1190 670 1319 710; x_wconf 80' lang='lat' dir='ltr'>Lunae</span> <span class='ocrx_word' id='word_1_52' title='bbox 1337 681 1426 723; x_wconf 89' lang='lat' dir='ltr'>pro·-</span> 
     </span>
     <span class='ocr_line' id='line_1_8' title="bbox 116 733 1424 792; baseline -0.004 -15"><span class='ocrx_word' id='word_1_53' title='bbox 116 739 203 792; x_wconf 85' lang='lat' dir='ltr'>prio</span> <span class='ocrx_word' id='word_1_54' title='bbox 233 739 276 777; x_wconf 86' lang='lat' dir='ltr'>ad</span> <span class='ocrx_word' id='word_1_55' title='bbox 308 746 552 791; x_wconf 80' lang='lat' dir='ltr'>aequatorem</span> <span class='ocrx_word' id='word_1_56' title='bbox 586 737 706 776; x_wconf 85' lang='lat' dir='ltr'>relato</span> <span class='ocrx_word' id='word_1_57' title='bbox 738 737 891 775; x_wconf 84' lang='lat' dir='ltr'>durante</span> <span class='ocrx_word' id='word_1_58' title='bbox 920 734 1045 787; x_wconf 78' lang='lat' dir='ltr'>eclipsi</span> <span class='ocrx_word' id='word_1_59' title='bbox 1076 734 1175 773; x_wconf 75' lang='lat' dir='ltr'>fiic‘to</span> <span class='ocrx_word' id='word_1_60' title='bbox 1203 746 1299 786; x_wconf 90' lang='lat' dir='ltr'>opus</span> <span class='ocrx_word' id='word_1_61' title='bbox 1325 733 1395 772; x_wconf 90' lang='lat' dir='ltr'>erit</span> <span class='ocrx_word' id='word_1_62' title='bbox 1412 763 1424 783; x_wconf 87' lang='lat'>,</span> 
     </span>
     <span class='ocr_line' id='line_1_9' title="bbox 116 795 1426 854; baseline -0.006 -13"><span class='ocrx_word' id='word_1_63' title='bbox 116 803 291 841; x_wconf 83' lang='lat' dir='ltr'>conuenit</span> <span class='ocrx_word' id='word_1_64' title='bbox 323 802 420 854; x_wconf 89' lang='lat' dir='ltr'>prius</span> <span class='ocrx_word' id='word_1_65' title='bbox 441 833 451 851; x_wconf 89' lang='lat'>‚</span> <span class='ocrx_word' id='word_1_66' title='bbox 481 810 679 854; x_wconf 79' lang='lat' dir='ltr'>antequam</span> <span class='ocrx_word' id='word_1_67' title='bbox 714 799 874 839; x_wconf 91' lang='lat' dir='ltr'>modum</span> <span class='ocrx_word' id='word_1_68' title='bbox 906 797 1203 837; x_wconf 86' lang='lat' dir='ltr'>obseruationem</span> <span class='ocrx_word' id='word_1_69' title='bbox 1236 795 1333 835; x_wconf 86' lang='lat' dir='ltr'>hanc</span> <span class='ocrx_word' id='word_1_70' title='bbox 1365 796 1426 834; x_wconf 87' lang='lat' dir='ltr'>in-</span> 
     </span>
     <span class='ocr_line' id='line_1_10' title="bbox 115 856 1424 917; baseline -0.006 -12"><span class='ocrx_word' id='word_1_71' title='bbox 115 864 283 905; x_wconf 86' lang='lat' dir='ltr'>stituendi</span> <span class='ocrx_word' id='word_1_72' title='bbox 313 876 508 917; x_wconf 85' lang='lat' dir='ltr'>exponam</span> <span class='ocrx_word' id='word_1_73' title='bbox 528 896 540 915; x_wconf 86' lang='lat'>,</span> <span class='ocrx_word' id='word_1_74' title='bbox 571 862 777 903; x_wconf 87' lang='lat' dir='ltr'>describere</span> <span class='ocrx_word' id='word_1_75' title='bbox 810 860 1039 901; x_wconf 88' lang='lat' dir='ltr'>methodum</span> <span class='ocrx_word' id='word_1_76' title='bbox 1058 891 1070 911; x_wconf 92' lang='lat'>‚</span> <span class='ocrx_word' id='word_1_77' title='bbox 1105 871 1176 913; x_wconf 86' lang='lat' dir='ltr'>qua</span> <span class='ocrx_word' id='word_1_78' title='bbox 1208 867 1335 898; x_wconf 88' lang='lat' dir='ltr'>motus</span> <span class='ocrx_word' id='word_1_79' title='bbox 1359 856 1424 897; x_wconf 89' lang='lat' dir='ltr'>ille</span> 
     </span>
     <span class='ocr_line' id='line_1_11' title="bbox 115 922 1425 980; baseline -0.005 -12"><span class='ocrx_word' id='word_1_80' title='bbox 115 926 244 968; x_wconf 86' lang='lat' dir='ltr'>Lunae</span> <span class='ocrx_word' id='word_1_81' title='bbox 291 926 455 980; x_wconf 66' lang='lat' dir='ltr'>respedtu</span> <span class='ocrx_word' id='word_1_82' title='bbox 487 937 690 980; x_wconf 86' lang='lat' dir='ltr'>aequatoris</span> <span class='ocrx_word' id='word_1_83' title='bbox 722 923 906 965; x_wconf 86' lang='lat' dir='ltr'>obseruari</span> <span class='ocrx_word' id='word_1_84' title='bbox 938 923 1100 975; x_wconf 87' lang='lat' dir='ltr'>debeat,</span> <span class='ocrx_word' id='word_1_85' title='bbox 1142 930 1186 962; x_wconf 88' lang='lat' dir='ltr'>vt</span> <span class='ocrx_word' id='word_1_86' title='bbox 1217 922 1318 962; x_wconf 88' lang='lat' dir='ltr'>idem</span> <span class='ocrx_word' id='word_1_87' title='bbox 1355 932 1425 975; x_wconf 89' lang='lat' dir='ltr'>pro</span> 
     </span>
     <span class='ocr_line' id='line_1_12' title="bbox 113 983 1454 1060; baseline -0.005 -30"><span class='ocrx_word' id='word_1_88' title='bbox 113 991 222 1030; x_wconf 89' lang='lat' dir='ltr'>omni</span> <span class='ocrx_word' id='word_1_89' title='bbox 255 999 432 1043; x_wconf 90' lang='lat' dir='ltr'>tempore</span> <span class='ocrx_word' id='word_1_90' title='bbox 465 989 641 1043; x_wconf 86' lang='lat' dir='ltr'>eclipseos</span> <span class='ocrx_word' id='word_1_91' title='bbox 671 990 838 1042; x_wconf 86' lang='lat' dir='ltr'>cognitus</span> <span class='ocrx_word' id='word_1_92' title='bbox 885 987 1071 1028; x_wconf 85' lang='lat' dir='ltr'>habeatur.</span> <span class='ocrx_word' id='word_1_93' title='bbox 1154 984 1354 1027; x_wconf 88' lang='lat' dir='ltr'>Nimirum</span> <span class='ocrx_word' id='word_1_94' title='bbox 1385 983 1454 1060; x_wconf 51' lang='lat' dir='ltr'>inp</span> 
     </span>
     <span class='ocr_line' id='line_1_13' title="bbox 113 1029 1484 1105; baseline -0.005 -11"><span class='ocrx_word' id='word_1_95' title='bbox 113 1054 294 1094; x_wconf 86' lang='lat' dir='ltr'>sistemate</span> <span class='ocrx_word' id='word_1_96' title='bbox 326 1054 548 1105; x_wconf 74' lang='lat' dir='ltr'>capillorum</span> <span class='ocrx_word' id='word_1_97' title='bbox 582 1048 602 1095; x_wconf 64' lang='grc' dir='ltr'><strong><em>ξ</em></strong></span> <span class='ocrx_word' id='word_1_98' title='bbox 631 1058 700 1090; x_wconf 72' lang='lat'>1⁰¹0</span> <span class='ocrx_word' id='word_1_99' title='bbox 732 1051 916 1105; x_wconf 88' lang='lat' dir='ltr'>descripto</span> <span class='ocrx_word' id='word_1_100' title='bbox 948 1050 1197 1091; x_wconf 83' lang='lat' dir='ltr'>extendantur</span> <span class='ocrx_word' id='word_1_101' title='bbox 1228 1061 1250 1088; x_wconf 91' lang='lat' dir='ltr'>a</span> <span class='ocrx_word' id='word_1_102' title='bbox 1277 1029 1484 1102; x_wconf 64' lang='lat' dir='ltr'>pundizisFig</span> 
     </span>
    </p>
   </div>
   <div class='ocr_carea' id='block_1_5' title="bbox 109 1109 1425 2230">
    <p class='ocr_par' dir='ltr' id='par_1_5' title="bbox 109 1109 1425 2177">
     <span class='ocr_line' id='line_1_14' title="bbox 113 1109 1425 1168; baseline -0.005 -12"><span class='ocrx_word' id='word_1_103' title='bbox 113 1116 151 1156; x_wconf 88' lang='lat' dir='ltr'><strong>H</strong></span> <span class='ocrx_word' id='word_1_104' title='bbox 183 1125 219 1155; x_wconf 88' lang='lat' dir='ltr'>et</span> <span class='ocrx_word' id='word_1_105' title='bbox 253 1113 287 1154; x_wconf 91' lang='lat' dir='ltr'>B</span> <span class='ocrx_word' id='word_1_106' title='bbox 318 1128 384 1168; x_wconf 83' lang='lat' dir='ltr'>pei</span> <span class='ocrx_word' id='word_1_107' title='bbox 419 1126 590 1156; x_wconf 88' lang='lat' dir='ltr'>centrum</span> <span class='ocrx_word' id='word_1_108' title='bbox 626 1116 704 1156; x_wconf 89' lang='lat' dir='ltr'>tubi</span> <span class='ocrx_word' id='word_1_109' title='bbox 737 1115 783 1155; x_wconf 89' lang='lat' dir='ltr'>ad</span> <span class='ocrx_word' id='word_1_110' title='bbox 817 1115 953 1168; x_wconf 71' lang='lat' dir='ltr'>pund³ca</span> <span class='ocrx_word' id='word_1_111' title='bbox 986 1112 1029 1153; x_wconf 95' lang='lat' dir='ltr'>D</span> <span class='ocrx_word' id='word_1_112' title='bbox 1061 1122 1099 1152; x_wconf 91' lang='lat' dir='ltr'>et</span> <span class='ocrx_word' id='word_1_113' title='bbox 1132 1112 1163 1151; x_wconf 89' lang='lat' dir='ltr'>F</span> <span class='ocrx_word' id='word_1_114' title='bbox 1194 1111 1270 1150; x_wconf 89' lang='lat' dir='ltr'>duo</span> <span class='ocrx_word' id='word_1_115' title='bbox 1302 1109 1425 1163; x_wconf 83' lang='lat' dir='ltr'>capil-</span> 
     </span>
     <span class='ocr_line' id='line_1_15' title="bbox 113 1172 1424 1229; baseline -0.005 -9"><span class='ocrx_word' id='word_1_116' title='bbox 113 1179 139 1220; x_wconf 94' lang='lat' dir='ltr'>li</span> <span class='ocrx_word' id='word_1_117' title='bbox 180 1178 319 1229; x_wconf 88' lang='lat' dir='ltr'>obliqui</span> <span class='ocrx_word' id='word_1_118' title='bbox 351 1178 450 1218; x_wconf 88' lang='lat' dir='ltr'>DH</span> <span class='ocrx_word' id='word_1_119' title='bbox 487 1188 527 1217; x_wconf 84' lang='lat' dir='ltr'>et</span> <span class='ocrx_word' id='word_1_120' title='bbox 561 1180 593 1217; x_wconf 93' lang='lat' dir='ltr'>B</span> <span class='ocrx_word' id='word_1_121' title='bbox 615 1179 650 1218; x_wconf 91' lang='lat' dir='ltr'><strong>E</strong></span> <span class='ocrx_word' id='word_1_122' title='bbox 682 1179 727 1217; x_wconf 85' lang='lat' dir='ltr'>ad</span> <span class='ocrx_word' id='word_1_123' title='bbox 760 1177 916 1228; x_wconf 87' lang='lat' dir='ltr'>angulos</span> <span class='ocrx_word' id='word_1_124' title='bbox 946 1175 1068 1215; x_wconf 59' lang='lat' dir='ltr'>redios</span> <span class='ocrx_word' id='word_1_125' title='bbox 1114 1172 1182 1214; x_wconf 88' lang='lat' dir='ltr'>sese</span> <span class='ocrx_word' id='word_1_126' title='bbox 1215 1173 1254 1213; x_wconf 90' lang='lat' dir='ltr'>in</span> <span class='ocrx_word' id='word_1_127' title='bbox 1287 1183 1424 1214; x_wconf 89' lang='lat' dir='ltr'>centro</span> 
     </span>
     <span class='ocr_line' id='line_1_16' title="bbox 114 1233 1420 1293; baseline -0.005 -11"><span class='ocrx_word' id='word_1_128' title='bbox 114 1241 191 1282; x_wconf 75' lang='lat' dir='ltr'>tubi</span> <span class='ocrx_word' id='word_1_129' title='bbox 222 1239 415 1280; x_wconf 76' lang='lat' dir='ltr'>ciecantes</span> <span class='ocrx_word' id='word_1_130' title='bbox 434 1272 445 1291; x_wconf 89' lang='lat'>,</span> <span class='ocrx_word' id='word_1_131' title='bbox 476 1240 521 1280; x_wconf 86' lang='lat' dir='ltr'>ad</span> <span class='ocrx_word' id='word_1_132' title='bbox 556 1239 707 1293; x_wconf 86' lang='lat' dir='ltr'>capillos</span> <span class='ocrx_word' id='word_1_133' title='bbox 739 1249 863 1279; x_wconf 88' lang='lat' dir='ltr'>autem</span> <span class='ocrx_word' id='word_1_134' title='bbox 896 1238 935 1279; x_wconf 91' lang='lat' dir='ltr'><strong>A</strong></span> <span class='ocrx_word' id='word_1_135' title='bbox 956 1238 992 1279; x_wconf 92' lang='lat' dir='ltr'><strong>E</strong></span> <span class='ocrx_word' id='word_1_136' title='bbox 1024 1247 1062 1277; x_wconf 89' lang='lat' dir='ltr'>et</span> <span class='ocrx_word' id='word_1_137' title='bbox 1095 1233 1187 1278; x_wconf 87' lang='lat' dir='ltr'>CG</span> <span class='ocrx_word' id='word_1_138' title='bbox 1217 1235 1280 1277; x_wconf 92' lang='lat' dir='ltr'>sub</span> <span class='ocrx_word' id='word_1_139' title='bbox 1310 1248 1420 1290; x_wconf 85' lang='lat' dir='ltr'>angu-</span> 
     </span>
     <span class='ocr_line' id='line_1_17' title="bbox 111 1300 1422 1354; baseline -0.003 -10"><span class='ocrx_word' id='word_1_140' title='bbox 111 1305 154 1344; x_wconf 86' lang='lat' dir='ltr'>lis</span> <span class='ocrx_word' id='word_1_141' title='bbox 185 1302 386 1342; x_wconf 69' lang='lat' dir='ltr'>semirectis</span> <span class='ocrx_word' id='word_1_142' title='bbox 418 1303 553 1343; x_wconf 91' lang='lat' dir='ltr'>itidem</span> <span class='ocrx_word' id='word_1_143' title='bbox 588 1304 627 1343; x_wconf 89' lang='lat' dir='ltr'>in</span> <span class='ocrx_word' id='word_1_144' title='bbox 660 1303 738 1343; x_wconf 89' lang='lat' dir='ltr'>tubi</span> <span class='ocrx_word' id='word_1_145' title='bbox 769 1311 902 1342; x_wconf 88' lang='lat' dir='ltr'>centro</span> <span class='ocrx_word' id='word_1_146' title='bbox 951 1300 1146 1351; x_wconf 87' lang='lat' dir='ltr'>inclinati,</span> <span class='ocrx_word' id='word_1_147' title='bbox 1197 1309 1239 1341; x_wconf 89' lang='lat' dir='ltr'>et</span> <span class='ocrx_word' id='word_1_148' title='bbox 1271 1309 1422 1354; x_wconf 86' lang='lat' dir='ltr'>aptetur</span> 
     </span>
     <span class='ocr_line' id='line_1_18' title="bbox 109 1364 1421 1418; baseline -0.002 -12"><span class='ocrx_word' id='word_1_149' title='bbox 109 1366 253 1407; x_wconf 85' lang='lat' dir='ltr'>sistema</span> <span class='ocrx_word' id='word_1_150' title='bbox 286 1366 508 1417; x_wconf 89' lang='lat' dir='ltr'>capillorum</span> <span class='ocrx_word' id='word_1_151' title='bbox 545 1366 582 1406; x_wconf 88' lang='lat' dir='ltr'>in</span> <span class='ocrx_word' id='word_1_152' title='bbox 614 1365 702 1406; x_wconf 85' lang='lat' dir='ltr'>foco</span> <span class='ocrx_word' id='word_1_153' title='bbox 733 1366 812 1406; x_wconf 90' lang='lat' dir='ltr'>tubi</span> <span class='ocrx_word' id='word_1_154' title='bbox 845 1366 1093 1418; x_wconf 87' lang='lat' dir='ltr'>cuiuscunque</span> <span class='ocrx_word' id='word_1_155' title='bbox 1125 1365 1175 1405; x_wconf 87' lang='lat' dir='ltr'>ita</span> <span class='ocrx_word' id='word_1_156' title='bbox 1195 1396 1206 1416; x_wconf 89' lang='lat'>,</span> <span class='ocrx_word' id='word_1_157' title='bbox 1235 1372 1281 1404; x_wconf 82' lang='lat' dir='ltr'>vt</span> <span class='ocrx_word' id='word_1_158' title='bbox 1314 1364 1421 1404; x_wconf 90' lang='lat' dir='ltr'>idem</span> 
     </span>
     <span class='ocr_line' id='line_1_19' title="bbox 110 1426 1420 1482; baseline -0.002 -13"><span class='ocrx_word' id='word_1_159' title='bbox 110 1430 150 1469; x_wconf 92' lang='lat' dir='ltr'>in</span> <span class='ocrx_word' id='word_1_160' title='bbox 184 1429 273 1469; x_wconf 90' lang='lat' dir='ltr'>tubo</span> <span class='ocrx_word' id='word_1_161' title='bbox 306 1441 378 1481; x_wconf 89' lang='lat' dir='ltr'>pro</span> <span class='ocrx_word' id='word_1_162' title='bbox 411 1428 529 1469; x_wconf 89' lang='lat' dir='ltr'>lubitu</span> <span class='ocrx_word' id='word_1_163' title='bbox 562 1429 796 1469; x_wconf 87' lang='lat' dir='ltr'>circumuerti</span> <span class='ocrx_word' id='word_1_164' title='bbox 827 1427 954 1482; x_wconf 77' lang='lat' dir='ltr'>possit.</span> <span class='ocrx_word' id='word_1_165' title='bbox 1020 1427 1088 1468; x_wconf 89' lang='lat' dir='ltr'>His</span> <span class='ocrx_word' id='word_1_166' title='bbox 1128 1427 1331 1481; x_wconf 78' lang='lat' dir='ltr'>praemissis</span> <span class='ocrx_word' id='word_1_167' title='bbox 1360 1426 1420 1466; x_wconf 91' lang='lat' dir='ltr'>di·-</span> 
     </span>
     <span class='ocr_line' id='line_1_20' title="bbox 110 1491 1420 1548; baseline 0 -18"><span class='ocrx_word' id='word_1_168' title='bbox 110 1493 249 1544; x_wconf 84' lang='lat' dir='ltr'>rigatur</span> <span class='ocrx_word' id='word_1_169' title='bbox 285 1497 348 1529; x_wconf 70' lang='lat'>1⁷⁸⁰</span> <span class='ocrx_word' id='word_1_170' title='bbox 382 1492 491 1533; x_wconf 90' lang='lat' dir='ltr'>tubus</span> <span class='ocrx_word' id='word_1_171' title='bbox 518 1494 566 1533; x_wconf 89' lang='lat' dir='ltr'>ad</span> <span class='ocrx_word' id='word_1_172' title='bbox 602 1493 767 1535; x_wconf 56' lang='lat' dir='ltr'>Lunam*</span> <span class='ocrx_word' id='word_1_173' title='bbox 794 1493 944 1548; x_wconf 81' lang='lat' dir='ltr'>plenam</span> <span class='ocrx_word' id='word_1_174' title='bbox 996 1492 1097 1533; x_wconf 91' lang='lat' dir='ltr'>horis</span> <span class='ocrx_word' id='word_1_175' title='bbox 1146 1491 1285 1544; x_wconf 84' lang='lat' dir='ltr'>aliquot</span> <span class='ocrx_word' id='word_1_176' title='bbox 1333 1498 1420 1531; x_wconf 86' lang='lat' dir='ltr'>ante</span> 
     </span>
     <span class='ocr_line' id='line_1_21' title="bbox 111 1552 1420 1609; baseline 0 -16"><span class='ocrx_word' id='word_1_177' title='bbox 111 1554 261 1607; x_wconf 83' lang='lat' dir='ltr'>eclipsin</span> <span class='ocrx_word' id='word_1_178' title='bbox 313 1557 362 1597; x_wconf 82' lang='lat' dir='ltr'>ita</span> <span class='ocrx_word' id='word_1_179' title='bbox 381 1588 393 1608; x_wconf 90' lang='lat'>,</span> <span class='ocrx_word' id='word_1_180' title='bbox 424 1565 467 1596; x_wconf 77' lang='lat' dir='ltr'>vt</span> <span class='ocrx_word' id='word_1_181' title='bbox 499 1556 636 1598; x_wconf 88' lang='lat' dir='ltr'>limbus</span> <span class='ocrx_word' id='word_1_182' title='bbox 676 1558 754 1596; x_wconf 87' lang='lat' dir='ltr'>eius</span> <span class='ocrx_word' id='word_1_183' title='bbox 787 1567 969 1609; x_wconf 81' lang='lat' dir='ltr'>apparens</span> <span class='ocrx_word' id='word_1_184' title='bbox 1010 1554 1164 1595; x_wconf 89' lang='lat' dir='ltr'>inferior</span> <span class='ocrx_word' id='word_1_185' title='bbox 1210 1555 1249 1594; x_wconf 93' lang='lat' dir='ltr'>in</span> <span class='ocrx_word' id='word_1_186' title='bbox 1280 1552 1420 1608; x_wconf 88' lang='lat' dir='ltr'>capillo</span> 
     </span>
     <span class='ocr_line' id='line_1_22' title="bbox 112 1610 1417 1673; baseline 0 -17"><span class='ocrx_word' id='word_1_187' title='bbox 112 1615 150 1657; x_wconf 93' lang='lat' dir='ltr'>G</span> <span class='ocrx_word' id='word_1_188' title='bbox 171 1615 205 1656; x_wconf 91' lang='lat' dir='ltr'>C</span> <span class='ocrx_word' id='word_1_189' title='bbox 238 1628 504 1670; x_wconf 83' lang='lat' dir='ltr'>promoueatur</span> <span class='ocrx_word' id='word_1_190' title='bbox 537 1632 606 1673; x_wconf 90' lang='lat' dir='ltr'>per</span> <span class='ocrx_word' id='word_1_191' title='bbox 636 1620 822 1672; x_wconf 85' lang='lat' dir='ltr'>integram</span> <span class='ocrx_word' id='word_1_192' title='bbox 874 1619 952 1659; x_wconf 85' lang='lat' dir='ltr'>eius</span> <span class='ocrx_word' id='word_1_193' title='bbox 983 1610 1255 1672; x_wconf 75' lang='lat' dir='ltr'>apparitionem</span> <span class='ocrx_word' id='word_1_194' title='bbox 1290 1618 1327 1657; x_wconf 91' lang='lat' dir='ltr'>in</span> <span class='ocrx_word' id='word_1_195' title='bbox 1362 1627 1417 1657; x_wconf 92' lang='lat' dir='ltr'>tu-</span> 
     </span>
     <span class='ocr_line' id='line_1_23' title="bbox 113 1677 1418 1736; baseline 0 -17"><span class='ocrx_word' id='word_1_196' title='bbox 113 1681 163 1720; x_wconf 92' lang='lat' dir='ltr'>bo</span> <span class='ocrx_word' id='word_1_197' title='bbox 184 1713 195 1731; x_wconf 74' lang='grc'>,</span> <span class='ocrx_word' id='word_1_198' title='bbox 245 1681 523 1735; x_wconf 78' lang='lat' dir='ltr'>obseruetuique</span> <span class='ocrx_word' id='word_1_199' title='bbox 572 1683 609 1724; x_wconf 92' lang='lat' dir='ltr'>in</span> <span class='ocrx_word' id='word_1_200' title='bbox 650 1682 723 1723; x_wconf 90' lang='lat' dir='ltr'>hoc</span> <span class='ocrx_word' id='word_1_201' title='bbox 756 1683 821 1724; x_wconf 92' lang='lat' dir='ltr'>situ</span> <span class='ocrx_word' id='word_1_202' title='bbox 856 1682 982 1722; x_wconf 88' lang='lat' dir='ltr'>Lunae</span> <span class='ocrx_word' id='word_1_203' title='bbox 1017 1683 1061 1723; x_wconf 89' lang='lat' dir='ltr'>ad</span> <span class='ocrx_word' id='word_1_204' title='bbox 1110 1681 1289 1736; x_wconf 82' lang='lat' dir='ltr'>capillum</span> <span class='ocrx_word' id='word_1_205' title='bbox 1325 1677 1418 1720; x_wconf 91' lang='lat' dir='ltr'>GC</span> 
     </span>
     <span class='ocr_line' id='line_1_24' title="bbox 112 1744 1419 1798; baseline -0.001 -15"><span class='ocrx_word' id='word_1_206' title='bbox 112 1744 275 1783; x_wconf 78' lang='lat' dir='ltr'>transitus</span> <span class='ocrx_word' id='word_1_207' title='bbox 307 1744 393 1783; x_wconf 87' lang='lat' dir='ltr'>disci</span> <span class='ocrx_word' id='word_1_208' title='bbox 425 1745 579 1785; x_wconf 83' lang='lat' dir='ltr'>Lunaris</span> <span class='ocrx_word' id='word_1_209' title='bbox 610 1758 677 1798; x_wconf 89' lang='lat' dir='ltr'>per</span> <span class='ocrx_word' id='word_1_210' title='bbox 708 1746 883 1798; x_wconf 81' lang='lat' dir='ltr'>capillum</span> <span class='ocrx_word' id='word_1_211' title='bbox 903 1746 942 1786; x_wconf 91' lang='lat' dir='ltr'><strong>A</strong></span> <span class='ocrx_word' id='word_1_212' title='bbox 962 1746 998 1786; x_wconf 91' lang='lat' dir='ltr'>E</span> <span class='ocrx_word' id='word_1_213' title='bbox 1017 1779 1028 1798; x_wconf 88' lang='lat'>,</span> <span class='ocrx_word' id='word_1_214' title='bbox 1064 1755 1102 1784; x_wconf 89' lang='lat' dir='ltr'>ct</span> <span class='ocrx_word' id='word_1_215' title='bbox 1127 1744 1313 1796; x_wconf 79' lang='lat' dir='ltr'>temporis</span> <span class='ocrx_word' id='word_1_216' title='bbox 1331 1756 1419 1783; x_wconf 89' lang='lat' dir='ltr'>mo-</span> 
     </span>
     <span class='ocr_line' id='line_1_25' title="bbox 112 1806 1421 1860; baseline -0.001 -13"><span class='ocrx_word' id='word_1_217' title='bbox 112 1817 282 1847; x_wconf 87' lang='lat' dir='ltr'>mentum</span> <span class='ocrx_word' id='word_1_218' title='bbox 317 1809 464 1859; x_wconf 86' lang='lat' dir='ltr'>quando</span> <span class='ocrx_word' id='word_1_219' title='bbox 494 1819 629 1860; x_wconf 86' lang='lat' dir='ltr'>margo</span> <span class='ocrx_word' id='word_1_220' title='bbox 657 1806 784 1846; x_wconf 84' lang='lat' dir='ltr'>Lunae</span> <span class='ocrx_word' id='word_1_221' title='bbox 815 1809 1036 1848; x_wconf 84' lang='lat' dir='ltr'>antecedens</span> <span class='ocrx_word' id='word_1_222' title='bbox 1052 1807 1231 1859; x_wconf 84' lang='lat' dir='ltr'>capillum</span> <span class='ocrx_word' id='word_1_223' title='bbox 1260 1806 1421 1846; x_wconf 85' lang='lat' dir='ltr'>sistema-</span> 
     </span>
     <span class='ocr_line' id='line_1_26' title="bbox 113 1867 1419 1923; baseline -0.002 -13"><span class='ocrx_word' id='word_1_224' title='bbox 113 1870 159 1910; x_wconf 88' lang='lat' dir='ltr'>tis</span> <span class='ocrx_word' id='word_1_225' title='bbox 188 1870 365 1909; x_wconf 83' lang='lat' dir='ltr'>vltimum</span> <span class='ocrx_word' id='word_1_226' title='bbox 408 1870 515 1910; x_wconf 88' lang='lat' dir='ltr'>verbi</span> <span class='ocrx_word' id='word_1_227' title='bbox 547 1870 662 1923; x_wconf 85' lang='lat' dir='ltr'>gratia</span> <span class='ocrx_word' id='word_1_228' title='bbox 705 1867 828 1922; x_wconf 89' lang='lat' dir='ltr'>BD,</span> <span class='ocrx_word' id='word_1_229' title='bbox 877 1871 941 1911; x_wconf 83' lang='lat' dir='ltr'>vel</span> <span class='ocrx_word' id='word_1_230' title='bbox 988 1871 1102 1911; x_wconf 86' lang='lat' dir='ltr'>alium</span> <span class='ocrx_word' id='word_1_231' title='bbox 1155 1880 1419 1923; x_wconf 87' lang='lat' dir='ltr'>quemcunque</span> 
     </span>
     <span class='ocr_line' id='line_1_27' title="bbox 110 1932 1418 1987; baseline -0.002 -14"><span class='ocrx_word' id='word_1_232' title='bbox 110 1933 343 1973; x_wconf 86' lang='lat' dir='ltr'>commodius</span> <span class='ocrx_word' id='word_1_233' title='bbox 375 1932 642 1973; x_wconf 87' lang='lat' dir='ltr'>obseruandum</span> <span class='ocrx_word' id='word_1_234' title='bbox 678 1934 858 1987; x_wconf 79' lang='lat' dir='ltr'>attingit,</span> <span class='ocrx_word' id='word_1_235' title='bbox 897 1943 935 1973; x_wconf 89' lang='lat' dir='ltr'>et</span> <span class='ocrx_word' id='word_1_236' title='bbox 967 1934 1136 1974; x_wconf 88' lang='lat' dir='ltr'>immoto</span> <span class='ocrx_word' id='word_1_237' title='bbox 1183 1933 1272 1972; x_wconf 90' lang='lat' dir='ltr'>tubo</span> <span class='ocrx_word' id='word_1_238' title='bbox 1321 1932 1418 1972; x_wconf 82' lang='lat' dir='ltr'>siste-</span> 
     </span>
     <span class='ocr_line' id='line_1_28' title="bbox 112 1994 1417 2049; baseline -0.002 -12"><span class='ocrx_word' id='word_1_239' title='bbox 112 2006 284 2049; x_wconf 84' lang='lat' dir='ltr'>mateque</span> <span class='ocrx_word' id='word_1_240' title='bbox 318 1996 538 2048; x_wconf 81' lang='lat' dir='ltr'>capillorum</span> <span class='ocrx_word' id='word_1_241' title='bbox 574 1997 796 2049; x_wconf 63' lang='lat' dir='ltr'>expectetur</span> <span class='ocrx_word' id='word_1_242' title='bbox 816 2030 825 2047; x_wconf 88' lang='lat'>‚</span> <span class='ocrx_word' id='word_1_243' title='bbox 866 1997 988 2037; x_wconf 91' lang='lat' dir='ltr'>donec</span> <span class='ocrx_word' id='word_1_244' title='bbox 1020 1997 1118 2037; x_wconf 87' lang='lat' dir='ltr'>stella</span> <span class='ocrx_word' id='word_1_245' title='bbox 1169 1995 1288 2048; x_wconf 83' lang='lat' dir='ltr'>aliqua</span> <span class='ocrx_word' id='word_1_246' title='bbox 1339 1994 1417 2035; x_wconf 85' lang='lat' dir='ltr'>fixa</span> 
     </span>
     <span class='ocr_line' id='line_1_29' title="bbox 112 2058 1418 2113; baseline 0 -15"><span class='ocrx_word' id='word_1_247' title='bbox 112 2060 240 2099; x_wconf 87' lang='lat' dir='ltr'>tubum</span> <span class='ocrx_word' id='word_1_248' title='bbox 276 2060 496 2112; x_wconf 83' lang='lat' dir='ltr'>ingrediatur</span> <span class='ocrx_word' id='word_1_249' title='bbox 546 2060 671 2113; x_wconf 90' lang='lat' dir='ltr'>(quod</span> <span class='ocrx_word' id='word_1_250' title='bbox 706 2060 755 2099; x_wconf 92' lang='lat' dir='ltr'>ob</span> <span class='ocrx_word' id='word_1_251' title='bbox 790 2060 1071 2101; x_wconf 87' lang='lat' dir='ltr'>multitudinem</span> <span class='ocrx_word' id='word_1_252' title='bbox 1115 2058 1297 2099; x_wconf 86' lang='lat' dir='ltr'>stellarum</span> <span class='ocrx_word' id='word_1_253' title='bbox 1335 2058 1418 2111; x_wconf 88' lang='lat' dir='ltr'>post</span> 
     </span>
     <span class='ocr_line' id='line_1_30' title="bbox 112 2121 1418 2177; baseline -0.002 -15"><span class='ocrx_word' id='word_1_254' title='bbox 112 2124 352 2176; x_wconf 85' lang='lat' dir='ltr'>quadrantem</span> <span class='ocrx_word' id='word_1_255' title='bbox 386 2123 450 2163; x_wconf 83' lang='lat' dir='ltr'>vel</span> <span class='ocrx_word' id='word_1_256' title='bbox 482 2123 683 2164; x_wconf 87' lang='lat' dir='ltr'>dimidium</span> <span class='ocrx_word' id='word_1_257' title='bbox 718 2123 837 2164; x_wconf 81' lang='lat' dir='ltr'>home</span> <span class='ocrx_word' id='word_1_258' title='bbox 870 2124 975 2165; x_wconf 84' lang='lat' dir='ltr'>facile</span> <span class='ocrx_word' id='word_1_259' title='bbox 1008 2121 1097 2177; x_wconf 89' lang='lat' dir='ltr'>fiet)</span> <span class='ocrx_word' id='word_1_260' title='bbox 1129 2122 1352 2177; x_wconf 74' lang='lat' dir='ltr'>ingressaque</span> <span class='ocrx_word' id='word_1_261' title='bbox 1372 2121 1418 2161; x_wconf 85' lang='lat' dir='ltr'>ad</span> 
     </span>
    </p>

    <p class='ocr_par' dir='ltr' id='par_1_6' title="bbox 174 2184 1419 2230">
     <span class='ocr_line' id='line_1_31' title="bbox 174 2184 1419 2230; baseline -0.001 -4"><span class='ocrx_word' id='word_1_262' title='bbox 174 2186 295 2226; x_wconf 90' lang='lat' dir='ltr'>Tom.</span> <span class='ocrx_word' id='word_1_263' title='bbox 315 2184 367 2226; x_wconf 87' lang='grc' dir='ltr'>ΙΙ.</span> <span class='ocrx_word' id='word_1_264' title='bbox 389 2186 493 2229; x_wconf 92' lang='lat' dir='ltr'>Nou.</span> <span class='ocrx_word' id='word_1_265' title='bbox 515 2184 726 2228; x_wconf 89' lang='lat' dir='ltr'>Comment</span> <span class='ocrx_word' id='word_1_266' title='bbox 945 2187 980 2230; x_wconf 83' lang='lat' dir='ltr'><strong>K</strong></span> <span class='ocrx_word' id='word_1_267' title='bbox 1010 2186 1036 2228; x_wconf 88' lang='lat' dir='ltr'>k</span> <span class='ocrx_word' id='word_1_268' title='bbox 1069 2186 1096 2228; x_wconf 89' lang='lat' dir='ltr'>k</span> <span class='ocrx_word' id='word_1_269' title='bbox 1326 2184 1419 2225; x_wconf 88' lang='lat' dir='ltr'>duos</span> 
     </span>
    </p>
   </div>
  </div>
 </body>
</html>
