1971 2700
499 162 596 206 ιω
792 140 1126 191 METHQDVS
1159 131 1528 186 OBSERVANDr
1559 102 1577 172 ’ἱ

495 261 786 306 declinationem
820 262 982 302 diurnus.
1061 256 1101 298 Si
1136 267 1265 299 autem
1311 268 1427 310 porro
1459 256 1498 295 iu
1533 254 1624 296 loco
1656 254 1824 299 obser-ua.

497 329 612 370 tionis
642 327 805 368 altitudo
856 336 973 365 ctiam
1005 324 1213 375 aequatoris
1244 322 1394 374 cognita
1437 319 1573 371 fuerit',
1621 331 1676 359 ex
1706 319 1826 362 altitu-

497 393 643 435 dinibus
677 392 744 432 illis
774 389 874 429 Solis
910 386 1050 440 poterit
1082 383 1179 425 facili
1229 387 1388 438 negotio
1437 384 1569 424 deduci
1623 383 1829 424 declinatio

498 456 600 500 Sulis
632 457 670 494 in
705 462 864 504 xtroque
898 450 1071 491 meridie.
1138 449 1209 490 His
1240 459 1370 489 autem
1413 448 1577 502 cognitis
1627 446 1840 488 declinatio'

501 520 599 562 Solis
630 518 676 559 ad
711 515 906 570 quodlibet
939 514 1062 554 etiam
1095 513 1174 553 diei
1207 522 1361 565 tempus
1383 543 1394 563 ‚
1427 511 1485 553 scu
1518 513 1563 553 ad
1598 521 1750 566 tempus
1768 523 1832 552 cu-

503 583 650 624 iuslibet
683 579 949 621 obseruationis
981 577 1143 632 phaleos
1194 577 1416 617 inuenietur.
1499 577 1562 617 Ex
1596 589 1639 616 ea
1672 588 1764 616 vero
1792 582 1834 615 et

504 646 730 700 obliquitate
763 644 959 697 eclipticae
990 644 1035 683 ad
1069 635 1315 696 aequatorem
1365 641 1459 681 datis
1502 641 1698 680 inclinatio
1734 650 1835 694 quo·

506 723 579 765 que
614 710 812 763 eclipticae
845 708 891 747 ad
928 708 1104 747 diurnum
1140 704 1235 746 Solis
1270 718 1343 758 pro
1384 705 1555 759 quolibet
1588 705 1659 744 diei
1681 713 1836 758 tempo-

507 787 548 816 re
581 773 909 815 determinabitur.
975 770 1027 812 Et
1062 771 1149 824 quia
1173 769 1440 823 *inclinationes
1473 770 1518 809 ad
1551 769 1731 809 diurnum
1764 765 1840 808 So·

510 840 553 880 lis
585 838 779 879 distantiae
813 846 1029 876 centrorum
1063 833 1192 874 Lunae
1223 843 1260 873 et
1293 831 1391 873 Solis
1411 866 1422 885 ,
1457 845 1527 873 nec
1563 845 1642 873 non
1662 834 1744 872 viae
1762 830 1836 872 Lu-

515 915 586 943 nae
620 916 640 943 a
674 900 765 941 Sole
799 899 893 940 vilae
925 908 1103 951 tempore
1139 898 1230 937 inter
1264 897 1354 937 duas
1390 909 1622 951 quascunque
1671 894 1837 937 obserua-

513 969 632 1007 tiones
667 964 841 1018 pflasium
875 963 1130 1003 intercedente
1166 961 1370 1001 obtinentis
1387 973 1455 1015 per
1490 974 1597 1002 nrum
1636 966 1728 1000 1''¹'¹'''
1760 953 1843 1013 §pli

515 1031 624 1072 huius
656 1029 817 1079 dantur,
849 1037 890 1068 et
922 1038 990 1080 per
1026 1025 1206 1066 haetenus
1237 1025 1338 1065 dieta
1371 1024 1567 1066 inclinatio
1598 1025 1723 1065 diurni
1771 1022 1845 1064 So·

515 1096 557 1135 lis
588 1095 634 1134 ad
666 1094 885 1146 eclipticam
919 1100 959 1131 et
1008 1099 1255 1144 aequatorem
1309 1088 1557 1130 determinata
1607 1088 1661 1129 est
1681 1120 1692 1140 ,
1743 1086 1848 1128 incli-

514 1159 682 1198 nationes
714 1156 919 1196 earundem
970 1155 1016 1194 ad
1064 1154 1284 1206 eclipticam
1334 1165 1481 1206 qnoque
1515 1164 1552 1193 et
1604 1161 1848 1205 aequatorem

515 1222 662 1273 eiu5que
697 1218 892 1272 parallelos
925 1228 1064 1256 omnes
1097 1216 1201 1256 nullo
1233 1216 1390 1268 negotio
1407 1217 1605 1256 dabuntur.
1672 1214 1849 1272 Denique

520 1286 577 1336 4¹⁰
623 1283 717 1323 datis
752 1294 819 1335 per
850 1282 956 1333 supm
989 1280 1090 1319 dieta
1125 1279 1173 1319 ad
1206 1289 1381 1331 tempora
1413 1279 1569 1320 duamm
1597 1280 1850 1334 quarumlibet

518 1346 825 1389 obseruationum
862 1341 1018 1398 pli-ileos
1050 1341 1232 1383 distantiis
1263 1352 1482 1382 centrorum
1503 1343 1628 1382 Lunae
1670 1354 1708 1383 et
1729 1341 1849 1395 Solis,

519 1426 607 1454 cum
629 1409 927 1451 inclinationibus
959 1407 1165 1447 earundem
1206 1405 1251 1446 ad
1297 1405 1516 1458 eclipticam
1552 1406 1820 1460 pamllclosque
1842 1429 1867 1458 ,-

526 1477 736 1530 acquitoris
790 1487 859 1528 per
891 1482 1066 1513 centrum
1108 1469 1206 1511 Solis
1260 1471 1500 1523 temporibus
1548 1469 1852 1511 obici-nationum

528 1539 753 1589 transcuntes
773 1573 782 1591 ,
818 1537 1013 1592 positoque
1047 1535 1136 1576 Sole
1172 1534 1210 1574 iu
1244 1533 1331 1574 loco
1364 1535 1512 1587 primae
1546 1534 1854 1575 obscrnatiouum

524 1605 796 1658 alsumptarum
818 1635 828 1654 ,
862 1614 940 1655 quo
974 1600 1021 1641 ad
1056 1609 1207 1641 motum
1241 1598 1319 1638 eius
1359 1598 1533 1638 diurnum
1577 1601 1614 1638 in
1650 1598 1858 1652 longitudi-

530 1683 619 1711 nem
644 1701 654 1720 ,
691 1667 914 1717 immobili,
947 1664 1096 1718 possunt
1133 1663 1292 1703 inueniri
1327 1662 1372 1702 ad
1409 1673 1562 1715 tempus
1580 1664 1769 1717 vtriusque
1788 1663 1859 1703 ob-

530 1733 740 1775 seru-monis
769 1730 998 1775 differentiae
1032 1727 1321 1769 declinationum
1357 1724 1685 1780 ascenlionumque
1738 1727 1859 1767 recia-

532 1811 614 1838 rum
651 1808 718 1835 nec
753 1807 830 1834 nou
865 1793 1103 1834 latitudinum
1139 1802 1175 1830 et
1211 1790 1490 1843 longitudinum
1529 1790 1657 1831 Lunae
1676 1790 1876 1843 ctSolis,-

532 1873 570 1901 ct
606 1872 732 1901 motus
752 1858 882 1899 Lunae
901 1871 922 1898 a
940 1856 1031 1898 Sole
1051 1866 1225 1908 tempore
1244 1856 1343 1894 inter
1361 1853 1639 1895 obseruationes
1665 1855 1778 1895 affiim
1786 1866 1864 1908 pras

535 1924 786 1966 intercedente
823 1924 859 1962 in
894 1922 1063 1975 ecliptica
1097 1931 1133 1959 ct
1179 1918 1357 1972 parallelo
1405 1919 1614 1971 aequatoris
1665 1931 1732 1972 per
1773 1931 1862 1959 cen-

535 2000 634 2027 trum
666 1987 765 2028 Soli-x
800 1987 835 2026 in
871 1986 994 2039 prima
1047 1984 1108 2024 illa
1142 1981 1400 2021 obseruatione
1453 1980 1658 2022 transeunte
1714 1983 1829 2023 faetus
1850 2015 1862 2035 ,

534 2052 695 2104 indeque
742 2059 987 2090 momentum
1038 2045 1318 2087 coniunctionis
1370 2045 1574 2086 mobilium
1613 2047 1649 2086 in
1690 2048 1863 2101 ecliptica

535 2126 572 2158 ct
607 2124 805 2168 aequatore
842 2111 936 2152 »ilinc
970 2110 1246 2163 determinari3
1283 2108 1306 2150 li
1340 2120 1480 2164 nempe
1508 2109 1782 2154 obieruationes
1808 2121 1864 2152 ta-

1815 2175 1867 2216 les
