1971 2700
512 205 592 249 DE
621 205 828 249 BESTHS
857 203 1119 250 MARJMs.
1376 222 1460 261 323

174 320 317 375 depasti
336 353 347 373 ‚
377 331 462 361 curn
493 318 585 360 forte
616 331 637 359 a
668 319 821 373 plebeiis
850 319 1056 360 audiuerint
1087 317 1315 371 graminibus
1346 320 1462 371 vesci,

172 397 303 426 verum
337 395 413 423 non
445 383 482 422 in
516 391 607 423 terra
640 382 876 423 crescentibus
898 415 909 435 ,
939 381 997 422 sed
1034 381 1122 422 fucis
1155 382 1320 422 marinis.

286 451 326 487 6.
361 445 445 487 Nec
477 446 639 498 speciem
672 446 752 486 veri
784 445 895 485 habet
914 479 924 497 ,
956 446 1055 498 quod
1086 446 1230 485 tradant
1261 445 1364 499 super
1382 445 1466 486 fitxa

173 511 290 550 iacere
308 543 317 561 ‚
349 510 386 549 in
420 510 677 549 continentem
712 509 818 548 exire
837 541 847 560 ‚
867 519 910 549 vt
928 519 1070 549 taceam
1092 507 1311 562 disparatam
1340 510 1466 549 omni-

172 586 225 613 no
258 573 357 613 huius
385 572 549 612 animalis
565 572 780 612 structuram
815 573 882 612 esic
915 573 960 613 ad
980 581 1129 613 motum
1164 573 1201 611 in
1235 573 1354 614 sicco:
1376 583 1467 612 con-

175 637 259 688 tigit
306 635 454 689 quidem
493 647 568 674 vna
602 637 714 688 vice,
747 643 789 674 vt
821 634 954 675 somno
986 635 1106 688 sopito
1146 636 1296 676 animali
1347 644 1468 675 retro-

175 699 305 738 cedens
337 710 440 738 mare
472 698 587 738 vndas
619 697 845 738 subtraxiffet
878 710 919 737 ac
951 698 1092 737 animal
1136 699 1175 737 in
1208 699 1303 738 slCCO
1353 698 1466 738 relin-

173 771 325 813 queret,
355 761 413 800 fied
443 769 482 800 et
513 763 652 801 inerme
682 770 719 800 et
752 760 836 813 fuga
871 760 936 800 fibi
969 760 1156 800 consulere
1175 761 1368 813 impotens
1392 760 1469 799 mi-

174 825 322 864 sei-rime
353 834 549 877 propterea
581 824 724 864 fustibus
757 833 796 862 et
830 824 1005 863 securibus
1037 823 1250 876 oppressum
1292 822 1377 863 fuit.

286 887 535 928 Mansuescere
568 887 641 927 hoc
674 886 811 927 animal
841 887 1044 926 credibilius
1077 886 1164 926 effet
1183 919 1193 938 ,
1227 898 1341 939 quam
1377 898 1468 940 quae

173 952 219 990 de
254 951 346 991 mira
379 952 456 991 eius
505 950 693 1003 sagacitate
734 948 944 989 historiolae
985 949 1292 989 circumferuntur
1311 981 1323 1000 ‚
1380 961 1469 989 cum

171 1023 326 1066 propter
357 1013 516 1053 nimiam
550 1013 796 1066 stupiditatem
839 1021 877 1051 et
916 1012 1072 1051 vorandi
1122 1011 1332 1052 auiditatem
1351 1043 1362 1062 ‚
1412 1009 1471 1050 vel

172 1087 246 1114 non
280 1076 566 1115 mansuefficrum
602 1075 829 1115 mansuetum
863 1074 919 1114 fit.
969 1073 1141 1124 Contigit
1175 1074 1285 1121 vmihi
1318 1073 1466 1112 infitusta

173 1137 363 1176 occafione
382 1151 448 1190 per
471 1150 538 1175 10.
560 1137 700 1176 menses
732 1137 869 1175 horum
904 1135 1120 1174 animalium
1154 1147 1280 1174 mores
1310 1144 1348 1174 et
1381 1147 1470 1174 con-

172 1197 371 1237 suetudines
419 1199 581 1249 quotidie
618 1208 704 1236 ante
736 1197 870 1249 tugurii
921 1197 1056 1237 ostium
1111 1197 1330 1249 obseruare,
1381 1197 1471 1238 hinc

168 1272 260 1313 quae
293 1259 387 1299 mihi
420 1258 605 1299 vei-iiiime
623 1259 808 1300 obieruata
828 1259 968 1301 fuerunt
988 1290 999 1308 ‚
1035 1260 1200 1300 breuibus
1238 1260 1468 1313 subjungam.

282 1323 430 1362 Amant
462 1322 554 1361 haec
596 1323 766 1362 animalia
799 1322 881 1361 loca
922 1321 1055 1362 vadosa
1106 1332 1144 1362 et
1176 1324 1326 1364 arenosa
1374 1325 1471 1363 circa

170 1383 253 1424 litus
297 1387 408 1425 maris
426 1418 436 1435 ,
470 1385 713 1426 lubentissime
746 1395 869 1425 autem
906 1386 1044 1438 degunt
1074 1386 1166 1426 circa
1195 1387 1284 1425 ostia
1303 1387 1469 1438 riparum

172 1455 210 1485 et
242 1448 476 1488 fluuiolorum
498 1481 507 1499 ,
539 1461 713 1502 aqu-„irum
749 1449 970 1487 irruentium
1005 1448 1193 1488 dulcedine
1242 1449 1366 1488 allecti
1386 1480 1396 1499 ‚
1431 1455 1470 1487 et

173 1510 319 1559 quidem
341 1510 484 1564 [emper
502 1513 706 1564 gregatim3
746 1512 913 1551 nondum
947 1511 1089 1551 adultos
1120 1524 1162 1551 ac
1195 1511 1348 1551 tenellos
1383 1520 1470 1550 ante

173 1570 207 1610 se
239 1574 384 1624 quidem
433 1583 548 1626 agunt
581 1577 617 1614 in
650 1574 749 1626 pastu
769 1606 780 1624 ,
812 1587 945 1614 verum
980 1587 1000 1613 a
1034 1584 1142 1626 tergo
1178 1583 1216 1613 et
1249 1573 1362 1614 latere
1401 1573 1471 1612 sol-

173 1633 271 1673 licite
296 1637 444 1688 cingunt
474 1647 511 1676 et
549 1638 692 1677 medios
711 1637 856 1689 semper
873 1638 908 1676 in
927 1649 1039 1690 grege
1057 1636 1199 1676 seruant
1217 1669 1227 1688 ,
1246 1637 1342 1677 aestu
1360 1636 1472 1677 aueco

177 1705 253 1735 tam
290 1711 408 1750 prope
437 1700 482 1739 ad
517 1701 596 1740 litus
643 1701 848 1751 accedunt,
899 1710 942 1739 vt
975 1712 1052 1739 non
1086 1709 1234 1739 tantum
1286 1700 1417 1740 baculo
1449 1712 1471 1739 a

177 1771 241 1797 me
273 1769 310 1797 et
342 1761 464 1800 lancea
498 1761 601 1813 saepe
636 1764 741 1814 petiti
771 1763 906 1802 fuerint
927 1796 937 1813 ,
970 1763 1030 1802 sed
1063 1772 1102 1801 et
1136 1775 1249 1802 manu
1281 1764 1469 1802 interdum

176 1821 326 1860 illorum
359 1832 504 1874 tergora
538 1824 801 1863 demulcerem.
866 1824 967 1864 Illata
1006 1824 1149 1863 fortiori
1199 1825 1328 1865 iniuria
1376 1823 1471 1864 nihil

176 1883 269 1922 aliud
304 1893 443 1936 agunt,
474 1898 587 1937 quam
637 1887 736 1939 quod
769 1899 789 1925 a
822 1886 926 1925 litore
976 1885 1209 1939 longinquius
1258 1887 1469 1939 discedant,

177 1945 260 1998 post
292 1947 398 1985 breue
429 1956 576 1999 tempus
606 1949 715 1987 obliti
749 1949 897 1988 iniuriae
930 1950 1052 1989 denuo
1083 1950 1270 1990 accedant.
1316 1948 1471 2003 Degunt

176 2009 474 2048 communiffime
506 2011 543 2049 in
578 2011 712 2049 vicinia
747 2012 911 2062 integrae
945 2011 1102 2050 firmiliae
1122 2045 1131 2062 ‚
1164 2025 1244 2052 mas
1274 2025 1362 2052 cum
1390 2014 1472 2052 foe·-

180 2071 292 2110 mella
325 2071 448 2111 adulto
480 2085 558 2111 vno
597 2083 634 2112 et
666 2073 815 2126 paruula
871 2074 1006 2113 tenella
1059 2076 1194 2126 prole:
1248 2076 1470 2128 monogami

180 2134 274 2174 mihi
308 2135 505 2188 videntur>
538 2137 665 2190 quouis
696 2137 780 2176 anni
812 2145 984 2190 tempore
1016 2138 1166 2191 pariunt
1185 2170 1195 2190 ,
1214 2136 1471 2179 communisti-

732 2197 759 2240 S
791 2209 806 2237 s
841 2211 863 2236 2
1403 2209 1466 2238 me
