<?xml version="1.0" encoding="UTF-8"?>
<!DOCTYPE html PUBLIC "-//W3C//DTD XHTML 1.0 Transitional//EN"
    "http://www.w3.org/TR/xhtml1/DTD/xhtml1-transitional.dtd">
<html xmlns="http://www.w3.org/1999/xhtml" xml:lang="en" lang="en">
 <head>
  <title>
</title>
<meta http-equiv="Content-Type" content="text/html;charset=utf-8" />
  <meta name='ocr-system' content='tesseract 3.04.00' />
  <meta name='ocr-capabilities' content='ocr_page ocr_carea ocr_par ocr_line ocrx_word'/>
</head>
<body>
  <div class='ocr_page' id='page_1' title='image "./novicommentariac02impe_0459.png"; bbox 0 0 1971 2700; ppageno 0'>
   <div class='ocr_carea' id='block_1_1' title="bbox 394 194 1423 256">
    <p class='ocr_par' dir='ltr' id='par_1_1' title="bbox 394 194 1423 256">
     <span class='ocr_line' id='line_1_1' title="bbox 394 194 1423 256; baseline 0.001 -12"><span class='ocrx_word' id='word_1_1' title='bbox 394 194 661 244; x_wconf 81' lang='lat' dir='ltr'><strong><em>ECLIPSES</em></strong></span> <span class='ocrx_word' id='word_1_2' title='bbox 691 194 1099 243; x_wconf 79' lang='lat' dir='ltr'><em>LVMINARIVM.</em></span> <span class='ocrx_word' id='word_1_3' title='bbox 1334 215 1423 256; x_wconf 75' lang='lat'>423</span> 
     </span>
    </p>
   </div>
   <div class='ocr_carea' id='block_1_2' title="bbox 113 307 1435 1129">
    <p class='ocr_par' dir='ltr' id='par_1_2' title="bbox 113 307 1435 1129">
     <span class='ocr_line' id='line_1_2' title="bbox 118 307 1427 367; baseline -0.003 -7"><span class='ocrx_word' id='word_1_4' title='bbox 118 319 252 360; x_wconf 81' lang='lat' dir='ltr'>eodem</span> <span class='ocrx_word' id='word_1_5' title='bbox 287 314 352 356; x_wconf 81' lang='lat' dir='ltr'>situ</span> <span class='ocrx_word' id='word_1_6' title='bbox 385 311 429 352; x_wconf 88' lang='lat' dir='ltr'>ad</span> <span class='ocrx_word' id='word_1_7' title='bbox 462 310 708 352; x_wconf 82' lang='lat' dir='ltr'>horizontem</span> <span class='ocrx_word' id='word_1_8' title='bbox 742 310 948 364; x_wconf 82' lang='lat' dir='ltr'>quadrantis</span> <span class='ocrx_word' id='word_1_9' title='bbox 982 321 1020 353; x_wconf 90' lang='lat' dir='ltr'>et</span> <span class='ocrx_word' id='word_1_10' title='bbox 1053 311 1179 366; x_wconf 84' lang='lat' dir='ltr'>capilli</span> <span class='ocrx_word' id='word_1_11' title='bbox 1198 307 1292 355; x_wconf 90' lang='lat' dir='ltr'>GC</span> <span class='ocrx_word' id='word_1_12' title='bbox 1311 347 1322 367; x_wconf 87' lang='lat'>,</span> <span class='ocrx_word' id='word_1_13' title='bbox 1363 329 1427 358; x_wconf 89' lang='lat' dir='ltr'>ca-</span> 
     </span>
     <span class='ocr_line' id='line_1_3' title="bbox 118 375 1426 438; baseline -0.002 -17"><span class='ocrx_word' id='word_1_14' title='bbox 118 384 226 438; x_wconf 84' lang='lat' dir='ltr'>pillus</span> <span class='ocrx_word' id='word_1_15' title='bbox 261 379 293 419; x_wconf 92' lang='grc' dir='ltr'>Η</span> <span class='ocrx_word' id='word_1_16' title='bbox 314 378 371 429; x_wconf 83' lang='lat' dir='ltr'>F,</span> <span class='ocrx_word' id='word_1_17' title='bbox 402 377 478 421; x_wconf 80' lang='lat' dir='ltr'>ita,</span> <span class='ocrx_word' id='word_1_18' title='bbox 515 385 555 414; x_wconf 91' lang='lat' dir='ltr'>vt</span> <span class='ocrx_word' id='word_1_19' title='bbox 586 375 632 415; x_wconf 87' lang='lat' dir='ltr'>ad</span> <span class='ocrx_word' id='word_1_20' title='bbox 665 377 825 415; x_wconf 84' lang='lat' dir='ltr'>eandem</span> <span class='ocrx_word' id='word_1_21' title='bbox 860 375 997 415; x_wconf 90' lang='lat' dir='ltr'>eodem</span> <span class='ocrx_word' id='word_1_22' title='bbox 1033 376 1175 429; x_wconf 79' lang='lat' dir='ltr'>prorfiis</span> <span class='ocrx_word' id='word_1_23' title='bbox 1209 378 1329 418; x_wconf 89' lang='lat' dir='ltr'>modo</span> <span class='ocrx_word' id='word_1_24' title='bbox 1353 393 1426 432; x_wconf 89' lang='lat' dir='ltr'>po-</span> 
     </span>
     <span class='ocr_line' id='line_1_4' title="bbox 119 438 1428 495; baseline -0.001 -9"><span class='ocrx_word' id='word_1_25' title='bbox 119 458 250 494; x_wconf 84' lang='lat' dir='ltr'>natur,</span> <span class='ocrx_word' id='word_1_26' title='bbox 279 453 353 495; x_wconf 92' lang='lat' dir='ltr'>quo</span> <span class='ocrx_word' id='word_1_27' title='bbox 386 449 491 480; x_wconf 86' lang='lat' dir='ltr'>antea</span> <span class='ocrx_word' id='word_1_28' title='bbox 524 439 730 491; x_wconf 83' lang='lat' dir='ltr'>ponebatur</span> <span class='ocrx_word' id='word_1_29' title='bbox 764 439 918 492; x_wconf 73' lang='lat' dir='ltr'>capillus</span> <span class='ocrx_word' id='word_1_30' title='bbox 947 438 982 480; x_wconf 87' lang='grc' dir='ltr'>Β</span> <span class='ocrx_word' id='word_1_31' title='bbox 1015 438 1058 479; x_wconf 89' lang='grc' dir='ltr'>Ι)</span> <span class='ocrx_word' id='word_1_32' title='bbox 1077 472 1090 491; x_wconf 81' lang='lat'>,</span> <span class='ocrx_word' id='word_1_33' title='bbox 1125 449 1163 480; x_wconf 88' lang='lat' dir='ltr'>et</span> <span class='ocrx_word' id='word_1_34' title='bbox 1194 453 1370 483; x_wconf 87' lang='lat' dir='ltr'>notentur</span> <span class='ocrx_word' id='word_1_35' title='bbox 1387 446 1428 487; x_wconf 78' lang='lat' dir='ltr'>in</span> 
     </span>
     <span class='ocr_line' id='line_1_5' title="bbox 117 502 1430 561; baseline -0.007 -11"><span class='ocrx_word' id='word_1_36' title='bbox 117 508 192 550; x_wconf 88' lang='lat' dir='ltr'>hoc</span> <span class='ocrx_word' id='word_1_37' title='bbox 224 507 338 546; x_wconf 89' lang='lat' dir='ltr'>etiam</span> <span class='ocrx_word' id='word_1_38' title='bbox 371 504 437 545; x_wconf 81' lang='lat' dir='ltr'>situ</span> <span class='ocrx_word' id='word_1_39' title='bbox 468 503 606 542; x_wconf 88' lang='lat' dir='ltr'>eodem</span> <span class='ocrx_word' id='word_1_40' title='bbox 640 502 759 542; x_wconf 87' lang='lat' dir='ltr'>modo</span> <span class='ocrx_word' id='word_1_41' title='bbox 793 504 932 557; x_wconf 63' lang='lat' dir='ltr'>punita</span> <span class='ocrx_word' id='word_1_42' title='bbox 983 503 1190 544; x_wconf 68' lang='lat' dir='ltr'>earundem·</span> <span class='ocrx_word' id='word_1_43' title='bbox 1240 506 1430 561; x_wconf 72' lang='lat' dir='ltr'>perjferia-</span> 
     </span>
     <span class='ocr_line' id='line_1_6' title="bbox 117 567 1428 622; baseline 0 -9"><span class='ocrx_word' id='word_1_44' title='bbox 117 585 236 618; x_wconf 88' lang='lat' dir='ltr'>rum,</span> <span class='ocrx_word' id='word_1_45' title='bbox 287 571 323 608; x_wconf 89' lang='lat' dir='ltr'>iu</span> <span class='ocrx_word' id='word_1_46' title='bbox 361 567 488 622; x_wconf 81' lang='lat' dir='ltr'>quibus</span> <span class='ocrx_word' id='word_1_47' title='bbox 540 567 697 620; x_wconf 72' lang='lat' dir='ltr'>capillus</span> <span class='ocrx_word' id='word_1_48' title='bbox 746 572 911 620; x_wconf 83' lang='lat' dir='ltr'>pondere</span> <span class='ocrx_word' id='word_1_49' title='bbox 960 579 1133 609; x_wconf 87' lang='lat' dir='ltr'>oneratus</span> <span class='ocrx_word' id='word_1_50' title='bbox 1165 581 1205 610; x_wconf 91' lang='lat' dir='ltr'>et</span> <span class='ocrx_word' id='word_1_51' title='bbox 1239 583 1260 611; x_wconf 89' lang='lat' dir='ltr'>e</span> <span class='ocrx_word' id='word_1_52' title='bbox 1293 582 1428 613; x_wconf 89' lang='lat' dir='ltr'>centro</span> 
     </span>
     <span class='ocr_line' id='line_1_7' title="bbox 117 631 1429 689; baseline 0 -14"><span class='ocrx_word' id='word_1_53' title='bbox 117 635 322 689; x_wconf 79' lang='lat' dir='ltr'>quadrantis</span> <span class='ocrx_word' id='word_1_54' title='bbox 352 634 513 686; x_wconf 69' lang='lat' dir='ltr'>pendens</span> <span class='ocrx_word' id='word_1_55' title='bbox 545 632 692 670; x_wconf 78' lang='lat' dir='ltr'>easdem</span> <span class='ocrx_word' id='word_1_56' title='bbox 747 632 952 673; x_wconf 81' lang='lat' dir='ltr'><strong>intersecat.</strong></span> <span class='ocrx_word' id='word_1_57' title='bbox 1028 631 1287 675; x_wconf 85' lang='lat' dir='ltr'>Mensurentur</span> <span class='ocrx_word' id='word_1_58' title='bbox 1323 637 1429 676; x_wconf 92' lang='lat' dir='ltr'>dein-</span> 
     </span>
     <span class='ocr_line' id='line_1_8' title="bbox 118 694 1433 753; baseline 0.001 -14"><span class='ocrx_word' id='word_1_59' title='bbox 118 700 166 739; x_wconf 91' lang='lat' dir='ltr'>de</span> <span class='ocrx_word' id='word_1_60' title='bbox 216 699 352 737; x_wconf 83' lang='lat' dir='ltr'>circino</span> <span class='ocrx_word' id='word_1_61' title='bbox 400 695 588 736; x_wconf 83' lang='lat' dir='ltr'>distantiae</span> <span class='ocrx_word' id='word_1_62' title='bbox 640 694 871 747; x_wconf 61' lang='lat' dir='ltr'>punctorum.</span> <span class='ocrx_word' id='word_1_63' title='bbox 918 697 961 736; x_wconf 72' lang='lat' dir='ltr'>in</span> <span class='ocrx_word' id='word_1_64' title='bbox 989 709 1206 752; x_wconf 79' lang='lat' dir='ltr'>vnaquaque</span> <span class='ocrx_word' id='word_1_65' title='bbox 1257 699 1433 753; x_wconf 81' lang='lat' dir='ltr'>periferia</span> 
     </span>
     <span class='ocr_line' id='line_1_9' title="bbox 120 759 1432 815; baseline 0.001 -15"><span class='ocrx_word' id='word_1_66' title='bbox 120 771 329 801; x_wconf 84' lang='lat' dir='ltr'>atramento</span> <span class='ocrx_word' id='word_1_67' title='bbox 359 759 420 799; x_wconf 85' lang='lat' dir='ltr'>vel</span> <span class='ocrx_word' id='word_1_68' title='bbox 451 761 576 798; x_wconf 84' lang='lat' dir='ltr'>colore</span> <span class='ocrx_word' id='word_1_69' title='bbox 609 769 863 809; x_wconf 57' lang='lat' dir='ltr'>notatorum=5</span> <span class='ocrx_word' id='word_1_70' title='bbox 894 770 938 798; x_wconf 81' lang='lat' dir='ltr'>et</span> <span class='ocrx_word' id='word_1_71' title='bbox 965 760 1207 812; x_wconf 74' lang='lat' dir='ltr'>applicentur·</span> <span class='ocrx_word' id='word_1_72' title='bbox 1236 771 1432 815; x_wconf 83' lang='lat' dir='ltr'>aperturae·</span> 
     </span>
     <span class='ocr_line' id='line_1_10' title="bbox 117 820 1430 879; baseline 0.001 -15"><span class='ocrx_word' id='word_1_73' title='bbox 117 826 242 864; x_wconf 79' lang='lat' dir='ltr'>circini</span> <span class='ocrx_word' id='word_1_74' title='bbox 276 825 320 864; x_wconf 89' lang='lat' dir='ltr'>ad</span> <span class='ocrx_word' id='word_1_75' title='bbox 351 825 509 863; x_wconf 79' lang='lat' dir='ltr'>eandem</span> <span class='ocrx_word' id='word_1_76' title='bbox 542 822 712 872; x_wconf 64' lang='lat' dir='ltr'>(calam,</span> <span class='ocrx_word' id='word_1_77' title='bbox 745 833 790 860; x_wconf 90' lang='lat' dir='ltr'>vt·</span> <span class='ocrx_word' id='word_1_78' title='bbox 816 820 1024 863; x_wconf 82' lang='lat' dir='ltr'>innotescat</span> <span class='ocrx_word' id='word_1_79' title='bbox 1049 835 1232 864; x_wconf 87' lang='lat' dir='ltr'>numerus</span> <span class='ocrx_word' id='word_1_80' title='bbox 1263 825 1430 879; x_wconf 77' lang='lat' dir='ltr'>partium</span> 
     </span>
     <span class='ocr_line' id='line_1_11' title="bbox 116 885 1435 940; baseline 0.001 -12"><span class='ocrx_word' id='word_1_81' title='bbox 116 887 228 928; x_wconf 75' lang='lat' dir='ltr'>stalae</span> <span class='ocrx_word' id='word_1_82' title='bbox 259 888 452 940; x_wconf 80' lang='lat' dir='ltr'>vnicuique</span> <span class='ocrx_word' id='word_1_83' title='bbox 482 886 671 926; x_wconf 82' lang='lat' dir='ltr'>distantiae·</span> <span class='ocrx_word' id='word_1_84' title='bbox 720 885 956 938; x_wconf 72' lang='lat' dir='ltr'>punc‘t&#39;orum.</span> <span class='ocrx_word' id='word_1_85' title='bbox 980 886 1241 940; x_wconf 53' lang='lat' dir='ltr'>respondens.</span> <span class='ocrx_word' id='word_1_86' title='bbox 1325 887 1435 929; x_wconf 76' lang='lat' dir='ltr'>‘ran-</span> 
     </span>
     <span class='ocr_line' id='line_1_12' title="bbox 118 948 1432 1003; baseline 0 -11"><span class='ocrx_word' id='word_1_87' title='bbox 118 953 207 992; x_wconf 86' lang='lat' dir='ltr'>dem</span> <span class='ocrx_word' id='word_1_88' title='bbox 245 952 389 991; x_wconf 89' lang='lat' dir='ltr'>numeri</span> <span class='ocrx_word' id='word_1_89' title='bbox 424 950 463 990; x_wconf 82' lang='lat' dir='ltr'>hi</span> <span class='ocrx_word' id='word_1_90' title='bbox 497 949 750 990; x_wconf 81' lang='lat' dir='ltr'>distantiarum</span> <span class='ocrx_word' id='word_1_91' title='bbox 783 950 820 988; x_wconf 91' lang='lat' dir='ltr'>in</span> <span class='ocrx_word' id='word_1_92' title='bbox 854 948 1032 1003; x_wconf 83' lang='lat' dir='ltr'>periferiis</span> <span class='ocrx_word' id='word_1_93' title='bbox 1049 950 1342 992; x_wconf 78' lang='lat' dir='ltr'>menfuratarum</span> <span class='ocrx_word' id='word_1_94' title='bbox 1365 951 1432 992; x_wconf 77' lang='lat' dir='ltr'>ad-</span> 
     </span>
     <span class='ocr_line' id='line_1_13' title="bbox 113 1012 1431 1068; baseline 0.001 -14"><span class='ocrx_word' id='word_1_95' title='bbox 113 1014 309 1054; x_wconf 75' lang='lat' dir='ltr'>scribantur</span> <span class='ocrx_word' id='word_1_96' title='bbox 342 1014 453 1054; x_wconf 80' lang='lat' dir='ltr'>radiis</span> <span class='ocrx_word' id='word_1_97' title='bbox 484 1013 743 1067; x_wconf 84' lang='lat' dir='ltr'>periseriarum</span> <span class='ocrx_word' id='word_1_98' title='bbox 774 1012 1144 1066; x_wconf 81' lang='lat' dir='ltr'>correspondentibus</span> <span class='ocrx_word' id='word_1_99' title='bbox 1172 1015 1277 1068; x_wconf 84' lang='lat' dir='ltr'>supra</span> <span class='ocrx_word' id='word_1_100' title='bbox 1321 1026 1431 1063; x_wconf 54' lang='lat' dir='ltr'>menf</span> 
     </span>
     <span class='ocr_line' id='line_1_14' title="bbox 114 1075 1431 1129; baseline -0.001 -12"><span class='ocrx_word' id='word_1_101' title='bbox 114 1075 240 1118; x_wconf 79' lang='lat' dir='ltr'>firratis</span> <span class='ocrx_word' id='word_1_102' title='bbox 269 1087 309 1118; x_wconf 90' lang='lat' dir='ltr'>et</span> <span class='ocrx_word' id='word_1_103' title='bbox 341 1076 490 1117; x_wconf 76' lang='lat' dir='ltr'>seorsim</span> <span class='ocrx_word' id='word_1_104' title='bbox 523 1080 691 1128; x_wconf 64' lang='lat' dir='ltr'>noratis,</span> <span class='ocrx_word' id='word_1_105' title='bbox 720 1087 766 1117; x_wconf 76' lang='lat' dir='ltr'>etv</span> <span class='ocrx_word' id='word_1_106' title='bbox 796 1086 945 1129; x_wconf 83' lang='lat' dir='ltr'>reperta</span> <span class='ocrx_word' id='word_1_107' title='bbox 976 1089 1089 1118; x_wconf 88' lang='lat' dir='ltr'>erunt·</span> <span class='ocrx_word' id='word_1_108' title='bbox 1116 1079 1249 1118; x_wconf 47' lang='lat' dir='ltr'>omnia*</span> <span class='ocrx_word' id='word_1_109' title='bbox 1281 1077 1431 1128; x_wconf 84' lang='lat' dir='ltr'>requisi-</span> 
     </span>
    </p>
   </div>
   <div class='ocr_carea' id='block_1_3' title="bbox 115 1137 1433 1255">
    <p class='ocr_par' dir='ltr' id='par_1_3' title="bbox 115 1137 1433 1255">
     <span class='ocr_line' id='line_1_15' title="bbox 117 1137 1430 1190; baseline 0.002 -11"><span class='ocrx_word' id='word_1_110' title='bbox 117 1147 154 1179; x_wconf 87' lang='lat' dir='ltr'>ta</span> <span class='ocrx_word' id='word_1_111' title='bbox 188 1141 231 1179; x_wconf 84' lang='lat' dir='ltr'>ad</span> <span class='ocrx_word' id='word_1_112' title='bbox 265 1140 476 1179; x_wconf 84' lang='lat' dir='ltr'>distantiam</span> <span class='ocrx_word' id='word_1_113' title='bbox 508 1141 735 1190; x_wconf 68' lang='lat' dir='ltr'>capillorum·=</span> <span class='ocrx_word' id='word_1_114' title='bbox 765 1137 800 1177; x_wconf 91' lang='lat' dir='ltr'>B</span> <span class='ocrx_word' id='word_1_115' title='bbox 832 1138 882 1178; x_wconf 79' lang='lat' dir='ltr'>D</span> <span class='ocrx_word' id='word_1_116' title='bbox 918 1148 957 1178; x_wconf 89' lang='lat' dir='ltr'>et</span> <span class='ocrx_word' id='word_1_117' title='bbox 992 1141 1027 1178; x_wconf 92' lang='lat' dir='ltr'>H</span> <span class='ocrx_word' id='word_1_118' title='bbox 1065 1140 1093 1179; x_wconf 77' lang='lat' dir='ltr'>F</span> <span class='ocrx_word' id='word_1_119' title='bbox 1142 1140 1180 1178; x_wconf 87' lang='lat' dir='ltr'>in</span> <span class='ocrx_word' id='word_1_120' title='bbox 1212 1138 1300 1178; x_wconf 88' lang='lat' dir='ltr'>foco</span> <span class='ocrx_word' id='word_1_121' title='bbox 1352 1139 1430 1181; x_wconf 88' lang='lat' dir='ltr'>tubi</span> 
     </span>
     <span class='ocr_line' id='line_1_16' title="bbox 115 1196 1433 1255; baseline -0.001 -13"><span class='ocrx_word' id='word_1_122' title='bbox 115 1200 319 1255; x_wconf 82' lang='lat' dir='ltr'>quadrantis</span> <span class='ocrx_word' id='word_1_123' title='bbox 349 1198 593 1237; x_wconf 77' lang='lat' dir='ltr'>extensOrum</span> <span class='ocrx_word' id='word_1_124' title='bbox 622 1201 666 1235; x_wconf 75' lang='lat' dir='ltr'>m</span> <span class='ocrx_word' id='word_1_125' title='bbox 696 1196 865 1249; x_wconf 78' lang='lat' dir='ltr'>partibus</span> <span class='ocrx_word' id='word_1_126' title='bbox 889 1201 1018 1237; x_wconf 63' lang='lat' dir='ltr'>circuli</span> <span class='ocrx_word' id='word_1_127' title='bbox 1046 1199 1209 1238; x_wconf 84' lang='lat' dir='ltr'>maximi</span> <span class='ocrx_word' id='word_1_128' title='bbox 1238 1200 1433 1242; x_wconf 84' lang='lat' dir='ltr'>inuenien-</span> 
     </span>
    </p>
   </div>
   <div class='ocr_carea' id='block_1_4' title="bbox 113 1261 1437 2200">
    <p class='ocr_par' dir='ltr' id='par_1_4' title="bbox 113 1261 1437 2200">
     <span class='ocr_line' id='line_1_17' title="bbox 115 1261 1432 1317; baseline 0.005 -17"><span class='ocrx_word' id='word_1_129' title='bbox 115 1265 218 1304; x_wconf 71' lang='lat' dir='ltr'>dam.</span> <span class='ocrx_word' id='word_1_130' title='bbox 286 1261 428 1317; x_wconf 80' lang='lat' dir='ltr'>Quodsi</span> <span class='ocrx_word' id='word_1_131' title='bbox 464 1262 572 1300; x_wconf 63' lang='lat' dir='ltr'>enimn</span> <span class='ocrx_word' id='word_1_132' title='bbox 612 1261 873 1312; x_wconf 74' lang='lat' dir='ltr'>concipiamus</span> <span class='ocrx_word' id='word_1_133' title='bbox 899 1272 923 1299; x_wconf 76' lang='lat' dir='ltr'>a³</span> <span class='ocrx_word' id='word_1_134' title='bbox 953 1272 1093 1301; x_wconf 89' lang='lat' dir='ltr'>centro</span> <span class='ocrx_word' id='word_1_135' title='bbox 1138 1263 1347 1314; x_wconf 80' lang='lat' dir='ltr'>quadrantis</span> <span class='ocrx_word' id='word_1_136' title='bbox 1380 1265 1432 1307; x_wconf 63' lang='lat' dir='ltr'>ad*</span> 
     </span>
     <span class='ocr_line' id='line_1_18' title="bbox 113 1322 1436 1378; baseline 0.002 -12"><span class='ocrx_word' id='word_1_137' title='bbox 113 1337 313 1378; x_wconf 64' lang='lat' dir='ltr'>Vtrumque</span> <span class='ocrx_word' id='word_1_138' title='bbox 365 1325 549 1377; x_wconf 59' lang='lat' dir='ltr'>punctum</span> <span class='ocrx_word' id='word_1_139' title='bbox 585 1324 624 1363; x_wconf 84' lang='lat' dir='ltr'>in</span> <span class='ocrx_word' id='word_1_140' title='bbox 658 1324 797 1363; x_wconf 80' lang='lat' dir='ltr'>eadem</span> <span class='ocrx_word' id='word_1_141' title='bbox 847 1322 1017 1376; x_wconf 86' lang='lat' dir='ltr'>periferia</span> <span class='ocrx_word' id='word_1_142' title='bbox 1069 1334 1248 1366; x_wconf 64' lang='lat' dir='ltr'>notatum&gt;</span> <span class='ocrx_word' id='word_1_143' title='bbox 1299 1327 1436 1369; x_wconf 59' lang='lat' dir='ltr'>ductos</span> 
     </span>
     <span class='ocr_line' id='line_1_19' title="bbox 114 1387 1433 1433; baseline 0.002 -4"><span class='ocrx_word' id='word_1_144' title='bbox 114 1389 182 1430; x_wconf 82' lang='lat' dir='ltr'>effe</span> <span class='ocrx_word' id='word_1_145' title='bbox 213 1388 360 1429; x_wconf 84' lang='lat' dir='ltr'>seorsim</span> <span class='ocrx_word' id='word_1_146' title='bbox 393 1389 488 1427; x_wconf 76' lang='lat' dir='ltr'>duos</span> <span class='ocrx_word' id='word_1_147' title='bbox 517 1388 641 1427; x_wconf 76' lang='lat' dir='ltr'>radios·</span> <span class='ocrx_word' id='word_1_148' title='bbox 667 1388 840 1426; x_wconf 83' lang='lat' dir='ltr'>eiu—dem</span> <span class='ocrx_word' id='word_1_149' title='bbox 870 1387 998 1427; x_wconf 81' lang='lat' dir='ltr'>circuli</span> <span class='ocrx_word' id='word_1_150' title='bbox 1030 1388 1202 1428; x_wconf 67' lang='lat' dir='ltr'>distantes</span> <span class='ocrx_word' id='word_1_151' title='bbox 1226 1401 1253 1430; x_wconf 72' lang='lat' dir='ltr'>a.</span> <span class='ocrx_word' id='word_1_152' title='bbox 1285 1388 1319 1431; x_wconf 87' lang='lat' dir='ltr'>se</span> <span class='ocrx_word' id='word_1_153' title='bbox 1340 1392 1433 1433; x_wconf 82' lang='lat' dir='ltr'>inui-</span> 
     </span>
     <span class='ocr_line' id='line_1_20' title="bbox 113 1449 1431 1507; baseline 0.003 -16"><span class='ocrx_word' id='word_1_154' title='bbox 113 1464 200 1492; x_wconf 86' lang='lat' dir='ltr'>cem</span> <span class='ocrx_word' id='word_1_155' title='bbox 234 1450 451 1504; x_wconf 71' lang='lat' dir='ltr'>inperileriis¹</span> <span class='ocrx_word' id='word_1_156' title='bbox 481 1449 550 1490; x_wconf 51' lang='lat' dir='ltr'>suis¹</span> <span class='ocrx_word' id='word_1_157' title='bbox 580 1463 646 1504; x_wconf 87' lang='lat' dir='ltr'>per</span> <span class='ocrx_word' id='word_1_158' title='bbox 678 1451 840 1490; x_wconf 75' lang='lat' dir='ltr'>chordas.</span> <span class='ocrx_word' id='word_1_159' title='bbox 868 1451 974 1503; x_wconf 77' lang='lat' dir='ltr'>lupra</span> <span class='ocrx_word' id='word_1_160' title='bbox 1007 1451 1263 1507; x_wconf 76' lang='lat' dir='ltr'>mensuratas·,</span> <span class='ocrx_word' id='word_1_161' title='bbox 1315 1454 1431 1496; x_wconf 80' lang='lat' dir='ltr'>habe-</span> 
     </span>
     <span class='ocr_line' id='line_1_21' title="bbox 114 1514 1429 1568; baseline 0.002 -12"><span class='ocrx_word' id='word_1_162' title='bbox 114 1514 237 1556; x_wconf 86' lang='lat' dir='ltr'>bimus</span> <span class='ocrx_word' id='word_1_163' title='bbox 267 1515 343 1555; x_wconf 87' lang='lat' dir='ltr'>hoc</span> <span class='ocrx_word' id='word_1_164' title='bbox 376 1514 496 1554; x_wconf 90' lang='lat' dir='ltr'>modo</span> <span class='ocrx_word' id='word_1_165' title='bbox 529 1516 595 1554; x_wconf 78' lang='lat' dir='ltr'>tria</span> <span class='ocrx_word' id='word_1_166' title='bbox 632 1514 693 1554; x_wconf 88' lang='lat' dir='ltr'>vel</span> <span class='ocrx_word' id='word_1_167' title='bbox 725 1524 880 1566; x_wconf 84' lang='lat' dir='ltr'>quatuor</span> <span class='ocrx_word' id='word_1_168' title='bbox 915 1515 1129 1567; x_wconf 64' lang='lat' dir='ltr'>triangula,</span> <span class='ocrx_word' id='word_1_169' title='bbox 1166 1518 1293 1568; x_wconf 85' lang='lat' dir='ltr'>prouti</span> <span class='ocrx_word' id='word_1_170' title='bbox 1315 1530 1429 1558; x_wconf 85' lang='lat' dir='ltr'>nem-</span> 
     </span>
     <span class='ocr_line' id='line_1_22' title="bbox 114 1576 1430 1632; baseline 0.003 -14"><span class='ocrx_word' id='word_1_171' title='bbox 114 1591 166 1632; x_wconf 89' lang='lat' dir='ltr'>pe</span> <span class='ocrx_word' id='word_1_172' title='bbox 201 1579 287 1618; x_wconf 89' lang='lat' dir='ltr'>rad1i</span> <span class='ocrx_word' id='word_1_173' title='bbox 323 1590 392 1618; x_wconf 89' lang='lat' dir='ltr'>tres</span> <span class='ocrx_word' id='word_1_174' title='bbox 422 1577 482 1617; x_wconf 88' lang='lat' dir='ltr'>vel</span> <span class='ocrx_word' id='word_1_175' title='bbox 515 1589 670 1631; x_wconf 56' lang='lat' dir='ltr'>quatuor⁴</span> <span class='ocrx_word' id='word_1_176' title='bbox 695 1576 892 1617; x_wconf 89' lang='lat' dir='ltr'>mensurati</span> <span class='ocrx_word' id='word_1_177' title='bbox 925 1576 1034 1629; x_wconf 87' lang='lat' dir='ltr'>sunt,</span> <span class='ocrx_word' id='word_1_178' title='bbox 1074 1582 1352 1630; x_wconf 72' lang='lat' dir='ltr'>aequicruraet</span> <span class='ocrx_word' id='word_1_179' title='bbox 1385 1580 1430 1621; x_wconf 65' lang='lat' dir='ltr'>fi„</span> 
     </span>
     <span class='ocr_line' id='line_1_23' title="bbox 114 1641 1435 1696; baseline 0.002 -15"><span class='ocrx_word' id='word_1_180' title='bbox 114 1642 218 1681; x_wconf 88' lang='lat' dir='ltr'>milia</span> <span class='ocrx_word' id='word_1_181' title='bbox 239 1674 250 1692; x_wconf 85' lang='lat'>,</span> <span class='ocrx_word' id='word_1_182' title='bbox 284 1642 320 1680; x_wconf 91' lang='lat' dir='ltr'>in</span> <span class='ocrx_word' id='word_1_183' title='bbox 353 1642 479 1695; x_wconf 69' lang='lat' dir='ltr'>quibis</span> <span class='ocrx_word' id='word_1_184' title='bbox 512 1654 642 1681; x_wconf 84' lang='lat' dir='ltr'>omma</span> <span class='ocrx_word' id='word_1_185' title='bbox 693 1641 803 1681; x_wconf 83' lang='lat' dir='ltr'>latera</span> <span class='ocrx_word' id='word_1_186' title='bbox 825 1671 836 1690; x_wconf 89' lang='lat'>‚</span> <span class='ocrx_word' id='word_1_187' title='bbox 864 1653 991 1684; x_wconf 70' lang='lat' dir='ltr'>‚crura</span> <span class='ocrx_word' id='word_1_188' title='bbox 1026 1654 1170 1695; x_wconf 88' lang='lat' dir='ltr'>nempe</span> <span class='ocrx_word' id='word_1_189' title='bbox 1222 1645 1356 1696; x_wconf 84' lang='lat' dir='ltr'>radiis,</span> <span class='ocrx_word' id='word_1_190' title='bbox 1392 1653 1435 1685; x_wconf 80' lang='lat' dir='ltr'>et</span> 
     </span>
     <span class='ocr_line' id='line_1_24' title="bbox 117 1703 1428 1755; baseline 0.004 -12"><span class='ocrx_word' id='word_1_191' title='bbox 117 1703 216 1743; x_wconf 72' lang='lat' dir='ltr'>bases</span> <span class='ocrx_word' id='word_1_192' title='bbox 245 1705 394 1743; x_wconf 75' lang='lat' dir='ltr'>chordis</span> <span class='ocrx_word' id='word_1_193' title='bbox 426 1705 530 1755; x_wconf 76' lang='lat' dir='ltr'>supra</span> <span class='ocrx_word' id='word_1_194' title='bbox 564 1704 780 1744; x_wconf 78' lang='lat' dir='ltr'>mensuratis</span> <span class='ocrx_word' id='word_1_195' title='bbox 813 1708 980 1755; x_wconf 79' lang='lat' dir='ltr'>aequales</span> <span class='ocrx_word' id='word_1_196' title='bbox 997 1706 1143 1744; x_wconf 84' lang='lat' dir='ltr'>dantur.</span> <span class='ocrx_word' id='word_1_197' title='bbox 1211 1706 1352 1747; x_wconf 84' lang='lat' dir='ltr'>Poterit</span> <span class='ocrx_word' id='word_1_198' title='bbox 1371 1720 1428 1747; x_wconf 87' lang='lat' dir='ltr'>er-</span> 
     </span>
     <span class='ocr_line' id='line_1_25' title="bbox 117 1766 1437 1822; baseline 0.005 -18"><span class='ocrx_word' id='word_1_199' title='bbox 117 1778 171 1819; x_wconf 87' lang='lat' dir='ltr'>go</span> <span class='ocrx_word' id='word_1_200' title='bbox 208 1766 296 1804; x_wconf 82' lang='lat' dir='ltr'>hinc</span> <span class='ocrx_word' id='word_1_201' title='bbox 346 1778 415 1817; x_wconf 74' lang='lat' dir='ltr'>perv</span> <span class='ocrx_word' id='word_1_202' title='bbox 460 1767 787 1816; x_wconf 68' lang='lat' dir='ltr'>trigonometriam</span> <span class='ocrx_word' id='word_1_203' title='bbox 840 1769 991 1816; x_wconf 82' lang='lat' dir='ltr'>planam</span> <span class='ocrx_word' id='word_1_204' title='bbox 1043 1769 1198 1806; x_wconf 78' lang='lat' dir='ltr'>Inueniri</span> <span class='ocrx_word' id='word_1_205' title='bbox 1234 1770 1274 1807; x_wconf 86' lang='lat' dir='ltr'>in</span> <span class='ocrx_word' id='word_1_206' title='bbox 1305 1771 1437 1822; x_wconf 53' lang='lat' dir='ltr'>quouis«</span> 
     </span>
     <span class='ocr_line' id='line_1_26' title="bbox 119 1828 1430 1881; baseline 0.004 -14"><span class='ocrx_word' id='word_1_207' title='bbox 119 1829 300 1881; x_wconf 87' lang='lat' dir='ltr'>triangulo</span> <span class='ocrx_word' id='word_1_208' title='bbox 331 1828 476 1880; x_wconf 83' lang='lat' dir='ltr'>angulus</span> <span class='ocrx_word' id='word_1_209' title='bbox 508 1829 551 1867; x_wconf 87' lang='lat' dir='ltr'>ad</span> <span class='ocrx_word' id='word_1_210' title='bbox 583 1837 754 1867; x_wconf 76' lang='lat' dir='ltr'>centrum</span> <span class='ocrx_word' id='word_1_211' title='bbox 787 1829 994 1879; x_wconf 59' lang='lat' dir='ltr'>quadrantis</span> <span class='ocrx_word' id='word_1_212' title='bbox 1017 1860 1031 1878; x_wconf 76' lang='lat'>„</span> <span class='ocrx_word' id='word_1_213' title='bbox 1074 1829 1237 1870; x_wconf 82' lang='lat' dir='ltr'>mensura</span> <span class='ocrx_word' id='word_1_214' title='bbox 1291 1834 1430 1872; x_wconf 82' lang='lat' dir='ltr'>distan-</span> 
     </span>
     <span class='ocr_line' id='line_1_27' title="bbox 120 1887 1431 1944; baseline 0.004 -13"><span class='ocrx_word' id='word_1_215' title='bbox 120 1902 192 1931; x_wconf 76' lang='lat' dir='ltr'>tiae</span> <span class='ocrx_word' id='word_1_216' title='bbox 225 1891 442 1944; x_wconf 82' lang='lat' dir='ltr'>capillorum</span> <span class='ocrx_word' id='word_1_217' title='bbox 478 1887 511 1928; x_wconf 86' lang='lat' dir='ltr'>B</span> <span class='ocrx_word' id='word_1_218' title='bbox 531 1890 572 1930; x_wconf 94' lang='lat' dir='ltr'>D</span> <span class='ocrx_word' id='word_1_219' title='bbox 604 1902 643 1930; x_wconf 89' lang='lat' dir='ltr'>et</span> <span class='ocrx_word' id='word_1_220' title='bbox 676 1891 709 1930; x_wconf 86' lang='lat' dir='ltr'><em>H</em></span> <span class='ocrx_word' id='word_1_221' title='bbox 733 1891 760 1930; x_wconf 85' lang='lat' dir='ltr'>F</span> <span class='ocrx_word' id='word_1_222' title='bbox 802 1891 838 1929; x_wconf 89' lang='lat' dir='ltr'>in</span> <span class='ocrx_word' id='word_1_223' title='bbox 872 1893 1035 1944; x_wconf 83' lang='lat' dir='ltr'>partibus</span> <span class='ocrx_word' id='word_1_224' title='bbox 1086 1894 1210 1933; x_wconf 88' lang='lat' dir='ltr'>circuli</span> <span class='ocrx_word' id='word_1_225' title='bbox 1264 1896 1431 1937; x_wconf 82' lang='lat' dir='ltr'>maximi</span> 
     </span>
     <span class='ocr_line' id='line_1_28' title="bbox 120 1954 1431 2012; baseline 0.006 -19"><span class='ocrx_word' id='word_1_226' title='bbox 120 1954 273 2007; x_wconf 71' lang='lat' dir='ltr'>quaesita</span> <span class='ocrx_word' id='word_1_227' title='bbox 293 1987 303 2006; x_wconf 82' lang='lat'>,</span> <span class='ocrx_word' id='word_1_228' title='bbox 352 1954 514 2006; x_wconf 83' lang='lat' dir='ltr'>haecque</span> <span class='ocrx_word' id='word_1_229' title='bbox 548 1965 711 1994; x_wconf 82' lang='lat' dir='ltr'>accurata</span> <span class='ocrx_word' id='word_1_230' title='bbox 745 1955 843 2005; x_wconf 87' lang='lat' dir='ltr'>erit,</span> <span class='ocrx_word' id='word_1_231' title='bbox 896 1955 920 1994; x_wconf 82' lang='lat' dir='ltr'>si</span> <span class='ocrx_word' id='word_1_232' title='bbox 955 1957 1177 2008; x_wconf 76' lang='lat' dir='ltr'>magnitudo</span> <span class='ocrx_word' id='word_1_233' title='bbox 1226 1961 1347 2012; x_wconf 85' lang='lat' dir='ltr'>anguli</span> <span class='ocrx_word' id='word_1_234' title='bbox 1382 1959 1431 2001; x_wconf 83' lang='lat' dir='ltr'>ad</span> 
     </span>
     <span class='ocr_line' id='line_1_29' title="bbox 119 2018 1435 2070; baseline 0.004 -12"><span class='ocrx_word' id='word_1_235' title='bbox 119 2029 285 2058; x_wconf 85' lang='lat' dir='ltr'>centrum</span> <span class='ocrx_word' id='word_1_236' title='bbox 318 2030 365 2057; x_wconf 85' lang='lat' dir='ltr'>ex</span> <span class='ocrx_word' id='word_1_237' title='bbox 398 2018 560 2070; x_wconf 82' lang='lat' dir='ltr'>quolibet</span> <span class='ocrx_word' id='word_1_238' title='bbox 595 2018 808 2070; x_wconf 78' lang='lat' dir='ltr'>triangulo,</span> <span class='ocrx_word' id='word_1_239' title='bbox 840 2019 900 2057; x_wconf 86' lang='lat' dir='ltr'>vel</span> <span class='ocrx_word' id='word_1_240' title='bbox 934 2019 1075 2058; x_wconf 72' lang='lat' dir='ltr'>duobus</span> <span class='ocrx_word' id='word_1_241' title='bbox 1108 2031 1168 2059; x_wconf 85' lang='lat' dir='ltr'>aut</span> <span class='ocrx_word' id='word_1_242' title='bbox 1209 2023 1330 2063; x_wconf 76' lang='lat' dir='ltr'>tribus.</span> <span class='ocrx_word' id='word_1_243' title='bbox 1362 2025 1435 2063; x_wconf 56' lang='lat' dir='ltr'>dev</span> 
     </span>
     <span class='ocr_line' id='line_1_30' title="bbox 121 2081 1434 2141; baseline 0.006 -20"><span class='ocrx_word' id='word_1_244' title='bbox 121 2082 229 2121; x_wconf 70' lang='lat' dir='ltr'>duc&#39;ta</span> <span class='ocrx_word' id='word_1_245' title='bbox 250 2114 259 2131; x_wconf 83' lang='lat'><strong>‚</strong></span> <span class='ocrx_word' id='word_1_246' title='bbox 294 2082 443 2134; x_wconf 81' lang='lat' dir='ltr'>praecile</span> <span class='ocrx_word' id='word_1_247' title='bbox 477 2083 606 2121; x_wconf 83' lang='lat' dir='ltr'>eadem</span> <span class='ocrx_word' id='word_1_248' title='bbox 640 2081 935 2134; x_wconf 76' lang='lat' dir='ltr'>deprehendatur</span> <span class='ocrx_word' id='word_1_249' title='bbox 958 2115 967 2130; x_wconf 80' lang='lat'>,</span> <span class='ocrx_word' id='word_1_250' title='bbox 1001 2085 1061 2124; x_wconf 88' lang='lat' dir='ltr'>vel</span> <span class='ocrx_word' id='word_1_251' title='bbox 1093 2084 1225 2126; x_wconf 79' lang='lat' dir='ltr'>media</span> <span class='ocrx_word' id='word_1_252' title='bbox 1253 2099 1307 2127; x_wconf 57' lang='lat' dir='ltr'>exc</span> <span class='ocrx_word' id='word_1_253' title='bbox 1325 2087 1394 2127; x_wconf 67' lang='lat' dir='ltr'>ahs</span> <span class='ocrx_word' id='word_1_254' title='bbox 1418 2119 1434 2141; x_wconf 59' lang='lat'>9,</span> 
     </span>
     <span class='ocr_line' id='line_1_31' title="bbox 120 2143 1017 2200; baseline 0.003 -15"><span class='ocrx_word' id='word_1_255' title='bbox 120 2158 211 2200; x_wconf 71' lang='lat' dir='ltr'>quae</span> <span class='ocrx_word' id='word_1_256' title='bbox 243 2158 375 2200; x_wconf 84' lang='lat' dir='ltr'>parum</span> <span class='ocrx_word' id='word_1_257' title='bbox 407 2146 501 2186; x_wconf 82' lang='lat' dir='ltr'>inter</span> <span class='ocrx_word' id='word_1_258' title='bbox 531 2143 567 2185; x_wconf 90' lang='lat' dir='ltr'>se</span> <span class='ocrx_word' id='word_1_259' title='bbox 599 2144 774 2188; x_wconf 59' lang='lat' dir='ltr'>differunt</span> <span class='ocrx_word' id='word_1_260' title='bbox 796 2177 810 2200; x_wconf 72' lang='lat'><strong>,</strong></span> <span class='ocrx_word' id='word_1_261' title='bbox 840 2145 1017 2188; x_wconf 85' lang='lat' dir='ltr'>sumatur.</span> 
     </span>
    </p>
   </div>
   <div class='ocr_carea' id='block_1_5' title="bbox 1302 2212 1430 2256">
    <p class='ocr_par' dir='ltr' id='par_1_5' title="bbox 1302 2212 1430 2256">
     <span class='ocr_line' id='line_1_32' title="bbox 1302 2212 1430 2256; baseline 0 0"><span class='ocrx_word' id='word_1_262' title='bbox 1302 2214 1335 2256; x_wconf 82' lang='lat' dir='ltr'><em>S</em></span> <span class='ocrx_word' id='word_1_263' title='bbox 1333 2212 1430 2256; x_wconf 67' lang='lat' dir='ltr'>chol,</span> 
     </span>
    </p>
   </div>
  </div>
 </body>
</html>
