<?xml version="1.0" encoding="UTF-8"?>
<!DOCTYPE html PUBLIC "-//W3C//DTD XHTML 1.0 Transitional//EN"
    "http://www.w3.org/TR/xhtml1/DTD/xhtml1-transitional.dtd">
<html xmlns="http://www.w3.org/1999/xhtml" xml:lang="en" lang="en">
 <head>
  <title>
</title>
<meta http-equiv="Content-Type" content="text/html;charset=utf-8" />
  <meta name='ocr-system' content='tesseract 3.04.00' />
  <meta name='ocr-capabilities' content='ocr_page ocr_carea ocr_par ocr_line ocrx_word'/>
</head>
<body>
  <div class='ocr_page' id='page_1' title='image "./novicommentariac02impe_0411.png"; bbox 0 0 1971 2700; ppageno 0'>
   <div class='ocr_carea' id='block_1_1' title="bbox 455 152 1416 210">
    <p class='ocr_par' dir='ltr' id='par_1_1' title="bbox 455 152 1416 210">
     <span class='ocr_line' id='line_1_1' title="bbox 455 152 1416 210; baseline -0.006 -12"><span class='ocrx_word' id='word_1_1' title='bbox 455 155 535 198; x_wconf 89' lang='lat' dir='ltr'>DE</span> <span class='ocrx_word' id='word_1_2' title='bbox 569 152 774 196; x_wconf 80' lang='lat' dir='ltr'><strong><em>BESTIIS</em></strong></span> <span class='ocrx_word' id='word_1_3' title='bbox 806 153 1075 200; x_wconf 73' lang='lat' dir='ltr'><strong><em>MARINIS.</em></strong></span> <span class='ocrx_word' id='word_1_4' title='bbox 1330 171 1416 210; x_wconf 80' lang='lat'>375</span> 
     </span>
    </p>
   </div>
   <div class='ocr_carea' id='block_1_2' title="bbox 91 269 1421 2094">
    <p class='ocr_par' dir='ltr' id='par_1_2' title="bbox 107 269 1421 385">
     <span class='ocr_line' id='line_1_2' title="bbox 107 269 1421 322; baseline 0 -11"><span class='ocrx_word' id='word_1_5' title='bbox 107 270 148 311; x_wconf 88' lang='lat' dir='ltr'>in</span> <span class='ocrx_word' id='word_1_6' title='bbox 180 271 272 312; x_wconf 80' lang='lat' dir='ltr'>lutra</span> <span class='ocrx_word' id='word_1_7' title='bbox 307 270 477 320; x_wconf 83' lang='lat' dir='ltr'>marina,</span> <span class='ocrx_word' id='word_1_8' title='bbox 510 280 624 322; x_wconf 80' lang='lat' dir='ltr'>qnam</span> <span class='ocrx_word' id='word_1_9' title='bbox 662 278 790 307; x_wconf 80' lang='lat' dir='ltr'>reuera</span> <span class='ocrx_word' id='word_1_10' title='bbox 822 269 903 320; x_wconf 87' lang='lat' dir='ltr'>est,</span> <span class='ocrx_word' id='word_1_11' title='bbox 945 271 1043 322; x_wconf 81' lang='lat' dir='ltr'>qnod</span> <span class='ocrx_word' id='word_1_12' title='bbox 1077 270 1189 322; x_wconf 82' lang='lat' dir='ltr'>pedes</span> <span class='ocrx_word' id='word_1_13' title='bbox 1240 271 1421 322; x_wconf 84' lang='lat' dir='ltr'>posterio-</span> 
     </span>
     <span class='ocr_line' id='line_1_3' title="bbox 109 333 588 385; baseline -0.008 -11"><span class='ocrx_word' id='word_1_14' title='bbox 109 347 165 374; x_wconf 86' lang='lat' dir='ltr'>res</span> <span class='ocrx_word' id='word_1_15' title='bbox 198 334 358 374; x_wconf 85' lang='lat' dir='ltr'>multum</span> <span class='ocrx_word' id='word_1_16' title='bbox 390 333 588 385; x_wconf 80' lang='lat' dir='ltr'>longiores.</span> 
     </span>
    </p>

    <p class='ocr_par' dir='ltr' id='par_1_3' title="bbox 91 394 1415 2094">
     <span class='ocr_line' id='line_1_4' title="bbox 222 394 1408 448; baseline -0.001 -11"><span class='ocrx_word' id='word_1_17' title='bbox 222 396 317 438; x_wconf 85' lang='lat' dir='ltr'>Cute</span> <span class='ocrx_word' id='word_1_18' title='bbox 350 396 484 448; x_wconf 80' lang='lat' dir='ltr'>tegitur</span> <span class='ocrx_word' id='word_1_19' title='bbox 515 395 643 446; x_wconf 74' lang='lat' dir='ltr'>craffi,</span> <span class='ocrx_word' id='word_1_20' title='bbox 678 395 760 447; x_wconf 81' lang='lat' dir='ltr'>pilis</span> <span class='ocrx_word' id='word_1_21' title='bbox 791 394 896 436; x_wconf 79' lang='lat' dir='ltr'>dense</span> <span class='ocrx_word' id='word_1_22' title='bbox 933 396 1060 448; x_wconf 76' lang='lat' dir='ltr'>positis</span> <span class='ocrx_word' id='word_1_23' title='bbox 1092 395 1315 436; x_wconf 53' lang='lat' dir='ltr'>molliffimiz</span> <span class='ocrx_word' id='word_1_24' title='bbox 1335 396 1408 437; x_wconf 77' lang='lat' dir='ltr'>hir-</span> 
     </span>
     <span class='ocr_line' id='line_1_5' title="bbox 106 458 1409 515; baseline 0.002 -17"><span class='ocrx_word' id='word_1_25' title='bbox 106 469 141 500; x_wconf 77' lang='lat' dir='ltr'>ta</span> <span class='ocrx_word' id='word_1_26' title='bbox 161 494 171 512; x_wconf 90' lang='lat'>,</span> <span class='ocrx_word' id='word_1_27' title='bbox 205 462 263 515; x_wconf 87' lang='lat' dir='ltr'>qni</span> <span class='ocrx_word' id='word_1_28' title='bbox 296 462 453 513; x_wconf 88' lang='lat' dir='ltr'>pretium</span> <span class='ocrx_word' id='word_1_29' title='bbox 489 458 594 498; x_wconf 82' lang='lat' dir='ltr'>huius</span> <span class='ocrx_word' id='word_1_30' title='bbox 626 461 795 500; x_wconf 71' lang='lat' dir='ltr'>animalis</span> <span class='ocrx_word' id='word_1_31' title='bbox 828 460 927 511; x_wconf 78' lang='lat' dir='ltr'>lupra</span> <span class='ocrx_word' id='word_1_32' title='bbox 961 459 1081 499; x_wconf 69' lang='lat' dir='ltr'>fidem</span> <span class='ocrx_word' id='word_1_33' title='bbox 1108 470 1251 512; x_wconf 80' lang='lat' dir='ltr'>augent.</span> <span class='ocrx_word' id='word_1_34' title='bbox 1289 460 1409 501; x_wconf 78' lang='lat' dir='ltr'>Diffe-</span> 
     </span>
     <span class='ocr_line' id='line_1_6' title="bbox 107 523 1411 576; baseline 0.002 -14"><span class='ocrx_word' id='word_1_35' title='bbox 107 536 188 565; x_wconf 89' lang='lat' dir='ltr'>runt</span> <span class='ocrx_word' id='word_1_36' title='bbox 217 534 340 565; x_wconf 84' lang='lat' dir='ltr'>autem</span> <span class='ocrx_word' id='word_1_37' title='bbox 374 523 441 576; x_wconf 91' lang='lat' dir='ltr'>pili</span> <span class='ocrx_word' id='word_1_38' title='bbox 473 523 732 575; x_wconf 76' lang='lat' dir='ltr'>longitudine,</span> <span class='ocrx_word' id='word_1_39' title='bbox 765 525 888 564; x_wconf 76' lang='lat' dir='ltr'>aetatis</span> <span class='ocrx_word' id='word_1_40' title='bbox 907 556 916 574; x_wconf 82' lang='lat'>,</span> <span class='ocrx_word' id='word_1_41' title='bbox 953 524 1053 562; x_wconf 77' lang='lat' dir='ltr'>{exus</span> <span class='ocrx_word' id='word_1_42' title='bbox 1084 533 1123 563; x_wconf 91' lang='lat' dir='ltr'>et</span> <span class='ocrx_word' id='word_1_43' title='bbox 1158 524 1322 576; x_wconf 77' lang='lat' dir='ltr'>partium</span> <span class='ocrx_word' id='word_1_44' title='bbox 1350 538 1411 564; x_wconf 80' lang='lat' dir='ltr'>ra-</span> 
     </span>
     <span class='ocr_line' id='line_1_7' title="bbox 106 585 1409 641; baseline 0.002 -15"><span class='ocrx_word' id='word_1_45' title='bbox 106 588 208 629; x_wconf 83' lang='lat' dir='ltr'>tione</span> <span class='ocrx_word' id='word_1_46' title='bbox 240 589 376 628; x_wconf 88' lang='lat' dir='ltr'>mirum</span> <span class='ocrx_word' id='word_1_47' title='bbox 412 587 451 626; x_wconf 89' lang='lat' dir='ltr'>in</span> <span class='ocrx_word' id='word_1_48' title='bbox 485 588 645 626; x_wconf 80' lang='lat' dir='ltr'>modum</span> <span class='ocrx_word' id='word_1_49' title='bbox 665 620 675 638; x_wconf 82' lang='lat'>‚</span> <span class='ocrx_word' id='word_1_50' title='bbox 710 589 746 627; x_wconf 91' lang='lat' dir='ltr'>in</span> <span class='ocrx_word' id='word_1_51' title='bbox 782 585 988 628; x_wconf 75' lang='lat' dir='ltr'>vniuersum</span> <span class='ocrx_word' id='word_1_52' title='bbox 1023 587 1119 639; x_wconf 86' lang='lat' dir='ltr'>pilus</span> <span class='ocrx_word' id='word_1_53' title='bbox 1148 587 1291 641; x_wconf 86' lang='lat' dir='ltr'>duplex</span> <span class='ocrx_word' id='word_1_54' title='bbox 1343 589 1409 629; x_wconf 86' lang='lat' dir='ltr'>est.</span> 
     </span>
     <span class='ocr_line' id='line_1_8' title="bbox 105 649 1414 707; baseline 0.002 -18"><span class='ocrx_word' id='word_1_55' title='bbox 105 651 157 707; x_wconf 85' lang='lat' dir='ltr'>a.)</span> <span class='ocrx_word' id='word_1_56' title='bbox 205 652 372 705; x_wconf 82' lang='lat' dir='ltr'>Longior</span> <span class='ocrx_word' id='word_1_57' title='bbox 405 649 524 692; x_wconf 82' lang='lat' dir='ltr'>Ruffis</span> <span class='ocrx_word' id='word_1_58' title='bbox 571 650 640 690; x_wconf 82' lang='lat' dir='ltr'>Os.</span> <span class='ocrx_word' id='word_1_59' title='bbox 705 651 758 691; x_wconf 87' lang='lat' dir='ltr'>Et</span> <span class='ocrx_word' id='word_1_60' title='bbox 810 652 948 703; x_wconf 83' lang='lat' dir='ltr'>lanugo</span> <span class='ocrx_word' id='word_1_61' title='bbox 1000 651 1121 690; x_wconf 78' lang='lat' dir='ltr'>breuis</span> <span class='ocrx_word' id='word_1_62' title='bbox 1171 663 1210 691; x_wconf 88' lang='lat' dir='ltr'>et</span> <span class='ocrx_word' id='word_1_63' title='bbox 1262 650 1414 693; x_wconf 84' lang='lat' dir='ltr'>mollior</span> 
     </span>
     <span class='ocr_line' id='line_1_9' title="bbox 106 714 1415 769; baseline 0.001 -15"><span class='ocrx_word' id='word_1_64' title='bbox 106 715 210 756; x_wconf 87' lang='lat' dir='ltr'>Puch</span> <span class='ocrx_word' id='word_1_65' title='bbox 268 715 398 756; x_wconf 62' lang='lat' dir='ltr'>dietus.</span> <span class='ocrx_word' id='word_1_66' title='bbox 486 714 593 769; x_wconf 79' lang='lat' dir='ltr'>Quae</span> <span class='ocrx_word' id='word_1_67' title='bbox 654 715 796 754; x_wconf 83' lang='lat' dir='ltr'>multos</span> <span class='ocrx_word' id='word_1_68' title='bbox 849 716 983 765; x_wconf 79' lang='lat' dir='ltr'>longos</span> <span class='ocrx_word' id='word_1_69' title='bbox 1033 726 1076 753; x_wconf 77' lang='lat' dir='ltr'>ac</span> <span class='ocrx_word' id='word_1_70' title='bbox 1132 714 1256 765; x_wconf 77' lang='lat' dir='ltr'>nigros</span> <span class='ocrx_word' id='word_1_71' title='bbox 1317 715 1415 767; x_wconf 81' lang='lat' dir='ltr'>pilos</span> 
     </span>
     <span class='ocr_line' id='line_1_10' title="bbox 105 775 1415 832; baseline 0 -15"><span class='ocrx_word' id='word_1_72' title='bbox 105 779 234 832; x_wconf 82' lang='lat' dir='ltr'>alunt,</span> <span class='ocrx_word' id='word_1_73' title='bbox 267 777 542 832; x_wconf 75' lang='lat' dir='ltr'>pretiofiffimae</span> <span class='ocrx_word' id='word_1_74' title='bbox 577 777 758 817; x_wconf 75' lang='lat' dir='ltr'>habentur</span> <span class='ocrx_word' id='word_1_75' title='bbox 778 810 787 828; x_wconf 82' lang='lat'>,</span> <span class='ocrx_word' id='word_1_76' title='bbox 822 775 1050 828; x_wconf 78' lang='lat' dir='ltr'>longiffimos</span> <span class='ocrx_word' id='word_1_77' title='bbox 1080 785 1203 815; x_wconf 87' lang='lat' dir='ltr'>autem</span> <span class='ocrx_word' id='word_1_78' title='bbox 1224 777 1321 828; x_wconf 80' lang='lat' dir='ltr'>pilos</span> <span class='ocrx_word' id='word_1_79' title='bbox 1342 781 1415 817; x_wconf 84' lang='lat' dir='ltr'>ob&#39;-</span> 
     </span>
     <span class='ocr_line' id='line_1_11' title="bbox 105 839 1414 893; baseline -0.001 -13"><span class='ocrx_word' id='word_1_80' title='bbox 105 843 219 882; x_wconf 84' lang='lat' dir='ltr'>tinent</span> <span class='ocrx_word' id='word_1_81' title='bbox 251 845 288 882; x_wconf 87' lang='lat' dir='ltr'>in</span> <span class='ocrx_word' id='word_1_82' title='bbox 319 841 423 882; x_wconf 87' lang='lat' dir='ltr'>dorso</span> <span class='ocrx_word' id='word_1_83' title='bbox 447 875 457 893; x_wconf 84' lang='lat'>‚</span> <span class='ocrx_word' id='word_1_84' title='bbox 487 843 599 881; x_wconf 76' lang='lat' dir='ltr'>cauda</span> <span class='ocrx_word' id='word_1_85' title='bbox 648 853 684 880; x_wconf 87' lang='lat' dir='ltr'>et</span> <span class='ocrx_word' id='word_1_86' title='bbox 716 841 889 881; x_wconf 80' lang='lat' dir='ltr'>lareribus</span> <span class='ocrx_word' id='word_1_87' title='bbox 910 872 919 890; x_wconf 88' lang='lat'>,</span> <span class='ocrx_word' id='word_1_88' title='bbox 962 848 1075 892; x_wconf 87' lang='lat' dir='ltr'>caput</span> <span class='ocrx_word' id='word_1_89' title='bbox 1108 850 1146 878; x_wconf 86' lang='lat' dir='ltr'>et</span> <span class='ocrx_word' id='word_1_90' title='bbox 1179 850 1277 879; x_wconf 81' lang='lat' dir='ltr'>artus</span> <span class='ocrx_word' id='word_1_91' title='bbox 1329 839 1414 880; x_wconf 86' lang='lat' dir='ltr'>bre-</span> 
     </span>
     <span class='ocr_line' id='line_1_12' title="bbox 103 901 1407 960; baseline -0.001 -15"><span class='ocrx_word' id='word_1_92' title='bbox 103 906 225 947; x_wconf 83' lang='lat' dir='ltr'>viores</span> <span class='ocrx_word' id='word_1_93' title='bbox 254 916 450 959; x_wconf 88' lang='lat' dir='ltr'>occupant.</span> <span class='ocrx_word' id='word_1_94' title='bbox 533 905 729 960; x_wconf 81' lang='lat' dir='ltr'>Quaedam</span> <span class='ocrx_word' id='word_1_95' title='bbox 780 905 897 945; x_wconf 86' lang='lat' dir='ltr'>lutrae</span> <span class='ocrx_word' id='word_1_96' title='bbox 935 902 974 942; x_wconf 90' lang='lat' dir='ltr'>in</span> <span class='ocrx_word' id='word_1_97' title='bbox 1011 901 1215 942; x_wconf 81' lang='lat' dir='ltr'>vuiuerlum</span> <span class='ocrx_word' id='word_1_98' title='bbox 1263 902 1407 955; x_wconf 89' lang='lat' dir='ltr'>pellem</span> 
     </span>
     <span class='ocr_line' id='line_1_13' title="bbox 102 965 1409 1022; baseline -0.001 -15"><span class='ocrx_word' id='word_1_99' title='bbox 102 969 273 1010; x_wconf 85' lang='lat' dir='ltr'>obtinent</span> <span class='ocrx_word' id='word_1_100' title='bbox 304 970 447 1022; x_wconf 80' lang='lat' dir='ltr'>nigram</span> <span class='ocrx_word' id='word_1_101' title='bbox 467 1001 477 1021; x_wconf 85' lang='lat'>,</span> <span class='ocrx_word' id='word_1_102' title='bbox 513 969 682 1022; x_wconf 79' lang='lat' dir='ltr'>plurimis</span> <span class='ocrx_word' id='word_1_103' title='bbox 716 977 830 1021; x_wconf 83' lang='lat' dir='ltr'>caput</span> <span class='ocrx_word' id='word_1_104' title='bbox 866 966 947 1021; x_wconf 82' lang='lat' dir='ltr'>pilis</span> <span class='ocrx_word' id='word_1_105' title='bbox 976 966 1139 1006; x_wconf 82' lang='lat' dir='ltr'>candidis</span> <span class='ocrx_word' id='word_1_106' title='bbox 1171 965 1311 1005; x_wconf 66' lang='lat' dir='ltr'>sericeis</span> <span class='ocrx_word' id='word_1_107' title='bbox 1349 967 1409 1006; x_wconf 87' lang='lat' dir='ltr'>in-</span> 
     </span>
     <span class='ocr_line' id='line_1_14' title="bbox 101 1030 1407 1086; baseline 0 -16"><span class='ocrx_word' id='word_1_108' title='bbox 101 1034 288 1073; x_wconf 83' lang='lat' dir='ltr'>termixtis</span> <span class='ocrx_word' id='word_1_109' title='bbox 320 1033 567 1086; x_wconf 81' lang='lat' dir='ltr'>pulcherrime</span> <span class='ocrx_word' id='word_1_110' title='bbox 599 1033 746 1071; x_wconf 79' lang='lat' dir='ltr'>varium</span> <span class='ocrx_word' id='word_1_111' title='bbox 781 1031 832 1071; x_wconf 88' lang='lat' dir='ltr'>est</span> <span class='ocrx_word' id='word_1_112' title='bbox 853 1064 864 1082; x_wconf 78' lang='lat'>,</span> <span class='ocrx_word' id='word_1_113' title='bbox 914 1030 1052 1082; x_wconf 88' lang='lat' dir='ltr'>pariter</span> <span class='ocrx_word' id='word_1_114' title='bbox 1083 1042 1126 1069; x_wconf 81' lang='lat' dir='ltr'>ac</span> <span class='ocrx_word' id='word_1_115' title='bbox 1158 1038 1333 1068; x_wconf 87' lang='lat' dir='ltr'>mentum</span> <span class='ocrx_word' id='word_1_116' title='bbox 1368 1040 1407 1070; x_wconf 87' lang='lat' dir='ltr'>et</span> 
     </span>
     <span class='ocr_line' id='line_1_15' title="bbox 99 1092 1410 1147; baseline -0.001 -14"><span class='ocrx_word' id='word_1_117' title='bbox 99 1095 210 1146; x_wconf 80' lang='lat' dir='ltr'>gula:</span> <span class='ocrx_word' id='word_1_118' title='bbox 260 1095 403 1136; x_wconf 79' lang='lat' dir='ltr'>D.1ntur</span> <span class='ocrx_word' id='word_1_119' title='bbox 434 1106 470 1134; x_wconf 92' lang='lat' dir='ltr'>et</span> <span class='ocrx_word' id='word_1_120' title='bbox 504 1096 618 1135; x_wconf 85' lang='lat' dir='ltr'>lutrae</span> <span class='ocrx_word' id='word_1_121' title='bbox 661 1097 741 1147; x_wconf 90' lang='lat' dir='ltr'>pilo</span> <span class='ocrx_word' id='word_1_122' title='bbox 774 1092 1029 1134; x_wconf 74' lang='lat' dir='ltr'>candidiil&#39;nno</span> <span class='ocrx_word' id='word_1_123' title='bbox 1081 1092 1182 1131; x_wconf 85' lang='lat' dir='ltr'>velut</span> <span class='ocrx_word' id='word_1_124' title='bbox 1230 1102 1410 1143; x_wconf 84' lang='lat' dir='ltr'>argenteo</span> 
     </span>
     <span class='ocr_line' id='line_1_16' title="bbox 101 1153 1408 1208; baseline -0.002 -11"><span class='ocrx_word' id='word_1_125' title='bbox 101 1168 252 1197; x_wconf 78' lang='lat' dir='ltr'>ornatae</span> <span class='ocrx_word' id='word_1_126' title='bbox 273 1189 283 1207; x_wconf 86' lang='lat'>‚</span> <span class='ocrx_word' id='word_1_127' title='bbox 305 1172 350 1196; x_wconf 84' lang='lat' dir='ltr'>an</span> <span class='ocrx_word' id='word_1_128' title='bbox 370 1160 495 1197; x_wconf 80' lang='lat' dir='ltr'>aetatis</span> <span class='ocrx_word' id='word_1_129' title='bbox 527 1158 588 1195; x_wconf 87' lang='lat' dir='ltr'>vel</span> <span class='ocrx_word' id='word_1_130' title='bbox 623 1157 753 1208; x_wconf 80' lang='lat' dir='ltr'>speciei</span> <span class='ocrx_word' id='word_1_131' title='bbox 784 1155 989 1195; x_wconf 71' lang='lat' dir='ltr'>differentia</span> <span class='ocrx_word' id='word_1_132' title='bbox 1013 1186 1023 1205; x_wconf 83' lang='lat'>‚</span> <span class='ocrx_word' id='word_1_133' title='bbox 1059 1163 1119 1192; x_wconf 82' lang='lat' dir='ltr'>aut</span> <span class='ocrx_word' id='word_1_134' title='bbox 1139 1153 1229 1193; x_wconf 82' lang='lat' dir='ltr'>lusus</span> <span class='ocrx_word' id='word_1_135' title='bbox 1260 1162 1408 1195; x_wconf 84' lang='lat' dir='ltr'>naturae</span> 
     </span>
     <span class='ocr_line' id='line_1_17' title="bbox 97 1217 1407 1270; baseline 0 -12"><span class='ocrx_word' id='word_1_136' title='bbox 97 1218 169 1269; x_wconf 81' lang='lat' dir='ltr'>sit,</span> <span class='ocrx_word' id='word_1_137' title='bbox 203 1219 321 1259; x_wconf 89' lang='lat' dir='ltr'>nescio</span> <span class='ocrx_word' id='word_1_138' title='bbox 341 1250 351 1269; x_wconf 90' lang='lat'>,</span> <span class='ocrx_word' id='word_1_139' title='bbox 386 1219 482 1258; x_wconf 88' lang='lat' dir='ltr'>mihi</span> <span class='ocrx_word' id='word_1_140' title='bbox 512 1219 562 1257; x_wconf 91' lang='lat' dir='ltr'>ob</span> <span class='ocrx_word' id='word_1_141' title='bbox 595 1218 765 1257; x_wconf 73' lang='lat' dir='ltr'>astutiam</span> <span class='ocrx_word' id='word_1_142' title='bbox 784 1229 820 1257; x_wconf 91' lang='lat' dir='ltr'>et</span> <span class='ocrx_word' id='word_1_143' title='bbox 859 1217 1158 1270; x_wconf 79' lang='lat' dir='ltr'>magnitudinem</span> <span class='ocrx_word' id='word_1_144' title='bbox 1193 1218 1291 1257; x_wconf 87' lang='lat' dir='ltr'>senes</span> <span class='ocrx_word' id='word_1_145' title='bbox 1325 1217 1407 1259; x_wconf 75' lang='lat' dir='ltr'>val·</span> 
     </span>
     <span class='ocr_line' id='line_1_18' title="bbox 96 1279 1408 1335; baseline 0.001 -15"><span class='ocrx_word' id='word_1_146' title='bbox 96 1281 144 1320; x_wconf 89' lang='lat' dir='ltr'>de</span> <span class='ocrx_word' id='word_1_147' title='bbox 176 1282 268 1322; x_wconf 82' lang='lat' dir='ltr'>tales</span> <span class='ocrx_word' id='word_1_148' title='bbox 298 1281 545 1333; x_wconf 83' lang='lat' dir='ltr'>videbantur,</span> <span class='ocrx_word' id='word_1_149' title='bbox 578 1281 830 1335; x_wconf 75' lang='lat' dir='ltr'>rarissimeque</span> <span class='ocrx_word' id='word_1_150' title='bbox 862 1290 1061 1321; x_wconf 82' lang='lat' dir='ltr'>occurrunt</span> <span class='ocrx_word' id='word_1_151' title='bbox 1093 1282 1131 1320; x_wconf 91' lang='lat' dir='ltr'>in</span> <span class='ocrx_word' id='word_1_152' title='bbox 1150 1279 1408 1321; x_wconf 86' lang='lat' dir='ltr'>Kurillicisin-</span> 
     </span>
     <span class='ocr_line' id='line_1_19' title="bbox 94 1342 1406 1397; baseline 0.002 -14"><span class='ocrx_word' id='word_1_153' title='bbox 94 1342 172 1383; x_wconf 87' lang='lat' dir='ltr'>sulis</span> <span class='ocrx_word' id='word_1_154' title='bbox 192 1375 202 1395; x_wconf 81' lang='grc'>,</span> <span class='ocrx_word' id='word_1_155' title='bbox 234 1357 348 1385; x_wconf 87' lang='lat' dir='ltr'>vnam</span> <span class='ocrx_word' id='word_1_156' title='bbox 384 1345 503 1385; x_wconf 84' lang='lat' dir='ltr'>saltim</span> <span class='ocrx_word' id='word_1_157' title='bbox 537 1345 735 1385; x_wconf 81' lang='lat' dir='ltr'>candidam</span> <span class='ocrx_word' id='word_1_158' title='bbox 767 1355 915 1397; x_wconf 80' lang='lat' dir='ltr'>captam</span> <span class='ocrx_word' id='word_1_159' title='bbox 948 1344 1021 1383; x_wconf 85' lang='lat' dir='ltr'>scio</span> <span class='ocrx_word' id='word_1_160' title='bbox 1054 1344 1100 1384; x_wconf 81' lang='lat' dir='ltr'>ab</span> <span class='ocrx_word' id='word_1_161' title='bbox 1142 1356 1189 1383; x_wconf 90' lang='lat' dir='ltr'>eo</span> <span class='ocrx_word' id='word_1_162' title='bbox 1231 1353 1406 1397; x_wconf 88' lang='lat' dir='ltr'>tempore</span> 
     </span>
     <span class='ocr_line' id='line_1_20' title="bbox 95 1407 1403 1461; baseline 0.001 -15"><span class='ocrx_word' id='word_1_163' title='bbox 95 1419 168 1460; x_wconf 91' lang='lat' dir='ltr'>quo</span> <span class='ocrx_word' id='word_1_164' title='bbox 199 1407 465 1449; x_wconf 72' lang='lat' dir='ltr'>Kamtschatka</span> <span class='ocrx_word' id='word_1_165' title='bbox 498 1410 660 1448; x_wconf 89' lang='lat' dir='ltr'>innotuit</span> <span class='ocrx_word' id='word_1_166' title='bbox 729 1409 873 1461; x_wconf 68' lang='lat' dir='ltr'>Ruffis,</span> <span class='ocrx_word' id='word_1_167' title='bbox 908 1410 943 1447; x_wconf 88' lang='lat' dir='ltr'>in</span> <span class='ocrx_word' id='word_1_168' title='bbox 965 1407 1072 1448; x_wconf 75' lang='lat' dir='ltr'>insula</span> <span class='ocrx_word' id='word_1_169' title='bbox 1097 1407 1264 1459; x_wconf 77' lang='lat' dir='ltr'>Eeringii</span> <span class='ocrx_word' id='word_1_170' title='bbox 1286 1420 1403 1448; x_wconf 73' lang='lat' dir='ltr'>vnum</span> 
     </span>
     <span class='ocr_line' id='line_1_21' title="bbox 95 1471 1404 1523; baseline 0.002 -15"><span class='ocrx_word' id='word_1_171' title='bbox 95 1478 240 1510; x_wconf 85' lang='lat' dir='ltr'>tantum</span> <span class='ocrx_word' id='word_1_172' title='bbox 274 1473 386 1522; x_wconf 83' lang='lat' dir='ltr'>vidi,</span> <span class='ocrx_word' id='word_1_173' title='bbox 420 1471 480 1513; x_wconf 91' lang='lat' dir='ltr'>sed</span> <span class='ocrx_word' id='word_1_174' title='bbox 515 1473 609 1513; x_wconf 80' lang='lat' dir='ltr'>adeo</span> <span class='ocrx_word' id='word_1_175' title='bbox 641 1472 797 1513; x_wconf 79' lang='lat' dir='ltr'>astutam</span> <span class='ocrx_word' id='word_1_176' title='bbox 818 1505 828 1523; x_wconf 84' lang='lat'>‚</span> <span class='ocrx_word' id='word_1_177' title='bbox 862 1472 1033 1511; x_wconf 82' lang='lat' dir='ltr'>timidam</span> <span class='ocrx_word' id='word_1_178' title='bbox 1077 1481 1115 1511; x_wconf 86' lang='lat' dir='ltr'>et</span> <span class='ocrx_word' id='word_1_179' title='bbox 1146 1481 1294 1510; x_wconf 80' lang='lat' dir='ltr'>cautam</span> <span class='ocrx_word' id='word_1_180' title='bbox 1316 1503 1326 1521; x_wconf 83' lang='lat'>,</span> <span class='ocrx_word' id='word_1_181' title='bbox 1359 1481 1404 1512; x_wconf 84' lang='lat' dir='ltr'>vt</span> 
     </span>
     <span class='ocr_line' id='line_1_22' title="bbox 95 1534 1400 1588; baseline 0.001 -15"><span class='ocrx_word' id='word_1_182' title='bbox 95 1544 229 1573; x_wconf 86' lang='lat' dir='ltr'>omnes</span> <span class='ocrx_word' id='word_1_183' title='bbox 258 1534 297 1575; x_wconf 86' lang='lat' dir='ltr'>in</span> <span class='ocrx_word' id='word_1_184' title='bbox 329 1539 529 1576; x_wconf 80' lang='lat' dir='ltr'>venatione</span> <span class='ocrx_word' id='word_1_185' title='bbox 561 1536 704 1576; x_wconf 80' lang='lat' dir='ltr'>fraudes</span> <span class='ocrx_word' id='word_1_186' title='bbox 735 1547 967 1588; x_wconf 87' lang='lat' dir='ltr'>omnemque</span> <span class='ocrx_word' id='word_1_187' title='bbox 985 1535 1214 1587; x_wconf 75' lang='lat' dir='ltr'>diligentiam</span> <span class='ocrx_word' id='word_1_188' title='bbox 1236 1534 1400 1574; x_wconf 81' lang='lat' dir='ltr'>nostram</span> 
     </span>
     <span class='ocr_line' id='line_1_23' title="bbox 95 1595 1402 1654; baseline 0.002 -19"><span class='ocrx_word' id='word_1_189' title='bbox 95 1595 268 1637; x_wconf 81' lang='lat' dir='ltr'>eluderet.</span> <span class='ocrx_word' id='word_1_190' title='bbox 335 1599 382 1639; x_wconf 90' lang='lat' dir='ltr'>In</span> <span class='ocrx_word' id='word_1_191' title='bbox 414 1600 542 1640; x_wconf 82' lang='lat' dir='ltr'>multis</span> <span class='ocrx_word' id='word_1_192' title='bbox 570 1600 737 1654; x_wconf 92' lang='lat' dir='ltr'>pilorum</span> <span class='ocrx_word' id='word_1_193' title='bbox 771 1600 876 1639; x_wconf 88' lang='lat' dir='ltr'>color</span> <span class='ocrx_word' id='word_1_194' title='bbox 908 1598 1042 1649; x_wconf 84' lang='lat' dir='ltr'>fuscus,</span> <span class='ocrx_word' id='word_1_195' title='bbox 1070 1607 1113 1638; x_wconf 87' lang='lat' dir='ltr'>vt</span> <span class='ocrx_word' id='word_1_196' title='bbox 1144 1598 1182 1637; x_wconf 90' lang='lat' dir='ltr'>in</span> <span class='ocrx_word' id='word_1_197' title='bbox 1204 1597 1306 1637; x_wconf 88' lang='lat' dir='ltr'>lutris</span> <span class='ocrx_word' id='word_1_198' title='bbox 1333 1597 1402 1637; x_wconf 88' lang='lat' dir='ltr'>flu-</span> 
     </span>
     <span class='ocr_line' id='line_1_24' title="bbox 95 1659 1414 1716; baseline 0.002 -19"><span class='ocrx_word' id='word_1_199' title='bbox 95 1660 308 1714; x_wconf 79' lang='lat' dir='ltr'>viatilibus,</span> <span class='ocrx_word' id='word_1_200' title='bbox 342 1675 407 1702; x_wconf 90' lang='lat' dir='ltr'>nec</span> <span class='ocrx_word' id='word_1_201' title='bbox 440 1663 585 1704; x_wconf 80' lang='lat' dir='ltr'>illarum</span> <span class='ocrx_word' id='word_1_202' title='bbox 617 1663 734 1716; x_wconf 78' lang='lat' dir='ltr'>pelles</span> <span class='ocrx_word' id='word_1_203' title='bbox 767 1664 894 1716; x_wconf 82' lang='lat' dir='ltr'>magni</span> <span class='ocrx_word' id='word_1_204' title='bbox 914 1659 1150 1702; x_wconf 72' lang='lat' dir='ltr'>aestimantur</span> <span class='ocrx_word' id='word_1_205' title='bbox 1169 1693 1179 1711; x_wconf 88' lang='lat'>,</span> <span class='ocrx_word' id='word_1_206' title='bbox 1212 1661 1304 1701; x_wconf 85' lang='lat' dir='ltr'>aliae</span> <span class='ocrx_word' id='word_1_207' title='bbox 1342 1663 1414 1713; x_wconf 60' lang='lat' dir='ltr'>pi:</span> 
     </span>
     <span class='ocr_line' id='line_1_25' title="bbox 95 1721 1399 1778; baseline 0.002 -17"><span class='ocrx_word' id='word_1_208' title='bbox 95 1721 140 1762; x_wconf 81' lang='lat' dir='ltr'>lis</span> <span class='ocrx_word' id='word_1_209' title='bbox 171 1724 292 1776; x_wconf 76' lang='lat' dir='ltr'>longis</span> <span class='ocrx_word' id='word_1_210' title='bbox 323 1726 360 1765; x_wconf 92' lang='lat' dir='ltr'>in</span> <span class='ocrx_word' id='word_1_211' title='bbox 392 1727 599 1767; x_wconf 83' lang='lat' dir='ltr'>vniuersum</span> <span class='ocrx_word' id='word_1_212' title='bbox 631 1727 748 1767; x_wconf 83' lang='lat' dir='ltr'>ferme</span> <span class='ocrx_word' id='word_1_213' title='bbox 779 1739 904 1767; x_wconf 81' lang='lat' dir='ltr'>carent</span> <span class='ocrx_word' id='word_1_214' title='bbox 935 1736 973 1765; x_wconf 91' lang='lat' dir='ltr'>et</span> <span class='ocrx_word' id='word_1_215' title='bbox 1006 1725 1074 1765; x_wconf 77' lang='lat' dir='ltr'>[ola</span> <span class='ocrx_word' id='word_1_216' title='bbox 1108 1726 1276 1778; x_wconf 79' lang='lat' dir='ltr'>lanugine</span> <span class='ocrx_word' id='word_1_217' title='bbox 1309 1737 1399 1776; x_wconf 77' lang='lat' dir='ltr'>gau-</span> 
     </span>
     <span class='ocr_line' id='line_1_26' title="bbox 95 1786 1397 1841; baseline 0.001 -15"><span class='ocrx_word' id='word_1_218' title='bbox 95 1786 213 1835; x_wconf 84' lang='lat' dir='ltr'>dent,</span> <span class='ocrx_word' id='word_1_219' title='bbox 248 1799 368 1840; x_wconf 87' lang='lat' dir='ltr'>neque</span> <span class='ocrx_word' id='word_1_220' title='bbox 399 1799 593 1841; x_wconf 83' lang='lat' dir='ltr'>propterea</span> <span class='ocrx_word' id='word_1_221' title='bbox 627 1792 662 1828; x_wconf 91' lang='lat' dir='ltr'>in</span> <span class='ocrx_word' id='word_1_222' title='bbox 696 1790 842 1829; x_wconf 73' lang='lat' dir='ltr'>censum</span> <span class='ocrx_word' id='word_1_223' title='bbox 886 1791 1071 1839; x_wconf 75' lang='lat' dir='ltr'>veniunt,</span> <span class='ocrx_word' id='word_1_224' title='bbox 1121 1799 1162 1827; x_wconf 61' lang='lat' dir='ltr'>rt</span> <span class='ocrx_word' id='word_1_225' title='bbox 1196 1798 1236 1827; x_wconf 86' lang='lat' dir='ltr'>vt</span> <span class='ocrx_word' id='word_1_226' title='bbox 1269 1798 1397 1827; x_wconf 85' lang='lat' dir='ltr'>antem</span> 
     </span>
     <span class='ocr_line' id='line_1_27' title="bbox 94 1849 1398 1904; baseline 0.001 -15"><span class='ocrx_word' id='word_1_227' title='bbox 94 1849 315 1902; x_wconf 87' lang='lat' dir='ltr'>nigerrimus</span> <span class='ocrx_word' id='word_1_228' title='bbox 346 1850 439 1902; x_wconf 82' lang='lat' dir='ltr'>pilus</span> <span class='ocrx_word' id='word_1_229' title='bbox 470 1862 508 1891; x_wconf 89' lang='lat' dir='ltr'>et</span> <span class='ocrx_word' id='word_1_230' title='bbox 525 1852 660 1904; x_wconf 80' lang='lat' dir='ltr'>lanugo</span> <span class='ocrx_word' id='word_1_231' title='bbox 680 1852 743 1903; x_wconf 76' lang='lat' dir='ltr'>sit,</span> <span class='ocrx_word' id='word_1_232' title='bbox 777 1854 915 1893; x_wconf 78' lang='lat' dir='ltr'>radices</span> <span class='ocrx_word' id='word_1_233' title='bbox 947 1862 1075 1890; x_wconf 86' lang='lat' dir='ltr'>tamen</span> <span class='ocrx_word' id='word_1_234' title='bbox 1110 1851 1273 1904; x_wconf 88' lang='lat' dir='ltr'>pilorum</span> <span class='ocrx_word' id='word_1_235' title='bbox 1312 1850 1398 1890; x_wconf 86' lang='lat' dir='ltr'>seri-</span> 
     </span>
     <span class='ocr_line' id='line_1_28' title="bbox 92 1913 1396 1969; baseline 0.002 -17"><span class='ocrx_word' id='word_1_236' title='bbox 92 1914 127 1953; x_wconf 90' lang='lat' dir='ltr'>ci</span> <span class='ocrx_word' id='word_1_237' title='bbox 160 1913 359 1953; x_wconf 80' lang='lat' dir='ltr'>candorem</span> <span class='ocrx_word' id='word_1_238' title='bbox 394 1913 592 1967; x_wconf 82' lang='lat' dir='ltr'>superant,</span> <span class='ocrx_word' id='word_1_239' title='bbox 635 1915 860 1969; x_wconf 82' lang='lat' dir='ltr'>pelliumque</span> <span class='ocrx_word' id='word_1_240' title='bbox 899 1915 1086 1968; x_wconf 65' lang='lat' dir='ltr'>aspectum</span> <span class='ocrx_word' id='word_1_241' title='bbox 1137 1914 1396 1954; x_wconf 86' lang='lat' dir='ltr'>iucundiorem</span> 
     </span>
     <span class='ocr_line' id='line_1_29' title="bbox 93 1975 1396 2031; baseline 0 -15"><span class='ocrx_word' id='word_1_242' title='bbox 93 1975 270 2016; x_wconf 82' lang='lat' dir='ltr'>efficiunt.</span> <span class='ocrx_word' id='word_1_243' title='bbox 334 1977 473 2031; x_wconf 86' lang='lat' dir='ltr'>Eloqui</span> <span class='ocrx_word' id='word_1_244' title='bbox 508 1991 581 2017; x_wconf 89' lang='lat' dir='ltr'>non</span> <span class='ocrx_word' id='word_1_245' title='bbox 616 1980 760 2030; x_wconf 81' lang='lat' dir='ltr'>poffum</span> <span class='ocrx_word' id='word_1_246' title='bbox 799 1980 1112 2031; x_wconf 80' lang='lat' dir='ltr'>pulchritudinem</span> <span class='ocrx_word' id='word_1_247' title='bbox 1163 1978 1239 2019; x_wconf 56' lang='lat' dir='ltr'>vini</span> <span class='ocrx_word' id='word_1_248' title='bbox 1291 1978 1396 2017; x_wconf 79' lang='lat' dir='ltr'>liuius</span> 
     </span>
     <span class='ocr_line' id='line_1_30' title="bbox 91 2039 1394 2094; baseline 0 -15"><span class='ocrx_word' id='word_1_249' title='bbox 91 2039 279 2090; x_wconf 84' lang='lat' dir='ltr'>animalis,</span> <span class='ocrx_word' id='word_1_250' title='bbox 316 2053 465 2082; x_wconf 86' lang='lat' dir='ltr'>currens</span> <span class='ocrx_word' id='word_1_251' title='bbox 496 2042 535 2081; x_wconf 88' lang='lat' dir='ltr'>in</span> <span class='ocrx_word' id='word_1_252' title='bbox 566 2043 778 2081; x_wconf 87' lang='lat' dir='ltr'>continente</span> <span class='ocrx_word' id='word_1_253' title='bbox 812 2043 1015 2081; x_wconf 74' lang='lat' dir='ltr'>liololerico</span> <span class='ocrx_word' id='word_1_254' title='bbox 1048 2041 1187 2092; x_wconf 78' lang='lat' dir='ltr'>nigrior</span> <span class='ocrx_word' id='word_1_255' title='bbox 1206 2051 1268 2092; x_wconf 81' lang='lat' dir='ltr'>,et</span> <span class='ocrx_word' id='word_1_256' title='bbox 1288 2053 1394 2094; x_wconf 85' lang='lat' dir='ltr'>prae-</span> 
     </span>
    </p>
   </div>
   <div class='ocr_carea' id='block_1_3' title="bbox 91 2103 1395 2206">
    <p class='ocr_par' dir='ltr' id='par_1_4' title="bbox 91 2103 1395 2206">
     <span class='ocr_line' id='line_1_31' title="bbox 91 2103 1395 2161; baseline 0 -19"><span class='ocrx_word' id='word_1_257' title='bbox 91 2103 182 2144; x_wconf 81' lang='lat' dir='ltr'>terfa</span> <span class='ocrx_word' id='word_1_258' title='bbox 212 2104 400 2158; x_wconf 84' lang='lat' dir='ltr'>nigredine</span> <span class='ocrx_word' id='word_1_259' title='bbox 428 2105 657 2161; x_wconf 84' lang='lat' dir='ltr'>resplendere</span> <span class='ocrx_word' id='word_1_260' title='bbox 691 2106 866 2158; x_wconf 80' lang='lat' dir='ltr'>videtur,</span> <span class='ocrx_word' id='word_1_261' title='bbox 899 2116 936 2147; x_wconf 85' lang='lat' dir='ltr'>et</span> <span class='ocrx_word' id='word_1_262' title='bbox 970 2105 1019 2146; x_wconf 88' lang='lat' dir='ltr'>ob</span> <span class='ocrx_word' id='word_1_263' title='bbox 1053 2105 1088 2145; x_wconf 85' lang='lat' dir='ltr'>id</span> <span class='ocrx_word' id='word_1_264' title='bbox 1110 2137 1120 2156; x_wconf 81' lang='lat'>‚</span> <span class='ocrx_word' id='word_1_265' title='bbox 1171 2107 1270 2157; x_wconf 82' lang='lat' dir='ltr'>quod</span> <span class='ocrx_word' id='word_1_266' title='bbox 1304 2106 1395 2144; x_wconf 73' lang='lat' dir='ltr'>cutis</span> 
     </span>
     <span class='ocr_line' id='line_1_32' title="bbox 1319 2167 1392 2206; baseline -0.014 0"><span class='ocrx_word' id='word_1_267' title='bbox 1319 2167 1392 2206; x_wconf 67' lang='lat' dir='ltr'>laxi</span> 
     </span>
    </p>
   </div>
  </div>
 </body>
</html>
