1971 2700
515 214 603 244 212
638 198 926 247 STATERAE
941 195 1144 242 GEOGR.
1167 189 1438 242 ETNAVT.
1466 192 1827 246 DESCRIPTIO.

515 317 629 359 riatio
660 317 714 356 vis
746 314 912 357 elasticae
946 327 1019 369 pro
1052 313 1196 355 diuerso
1226 313 1357 354 caloris
1388 311 1533 365 gradu3
1567 311 1629 352 vel
1653 321 1733 355 tota
1751 325 1832 356 ma-

513 372 627 422 china
661 379 882 420 recondatur
914 379 951 419 in
973 372 1090 432 'capiir
1139 377 1329 418 metallica
1351 408 1362 427 ‚
1413 378 1509 416 circa
1552 374 1589 416 E
1629 377 1732 417 vitro
1748 390 1836 419 mu-

514 446 591 485 nita
611 477 622 496 ,
656 454 697 484 vt
730 445 767 483 in
801 455 894 496 aqua
927 454 1005 495 ope
1038 441 1226 494 lampadis
1258 440 1460 494 suppositae
1491 450 1554 480 aut
1573 451 1641 493 per
1667 439 1738 480 alia
1757 440 1838 481 sub-

516 508 605 549 fidia
638 507 786 560 semper
818 505 858 544 in
891 516 997 545 certo
1029 506 1192 560 quodam
1226 504 1357 545 caloris
1387 509 1500 558 gradu
1535 503 1662 544 ier-uari
1713 502 1836 558 poffit.

632 571 667 619 §.
698 581 735 618 5.
773 568 887 624 Quod
922 569 947 610 fi
980 580 1032 610 ex
1065 567 1375 610 obseruationibus
1405 569 1451 608 de
1493 578 1603 608 motu
1651 567 1838 621 pendulo-

517 648 602 676 rum
637 644 758 688 prope
791 642 1034 686 aequatorem
1066 633 1274 674 differentia
1308 632 1494 687 grauitatis
1527 644 1733 685 corporum
1777 629 1840 673 sub

519 698 666 740 diuersis
698 697 950 738 latitudinibus
981 708 1130 738 eruatur
1147 730 1157 749 ,
1191 710 1267 751 ope
1287 696 1392 738 huius
1414 696 1562 736 ssatcme
1590 694 1731 736 iuucrso
1751 707 1840 736 mo-

518 763 571 803 do
602 762 761 803 latitudo
793 760 966 802 locorum
1000 761 1136 816 absque
1168 760 1245 801 vlla
1279 760 1540 802 obseruatione
1590 760 1841 800 astronomica

518 827 692 881 cognosci
728 825 901 879 poterit,
935 826 972 866 id
1007 827 1108 880 quod
1145 835 1293 879 praeter
1325 825 1626 880 geographicum
1651 823 1841 864 eximium

517 891 559 931 in
592 900 670 932 arte
702 889 849 929 nautica
884 889 1037 930 habebit
1070 889 1175 930 vsum
1197 921 1208 940 ,
1242 890 1422 944 siquidem
1468 900 1600 930 nautae
1652 888 1841 929 interdum

515 966 586 1009 per
619 953 901 995 hebdomadem
936 953 1046 993 coelo
1077 953 1297 993 obnubilato
1329 954 1583 994 cleu-ationem
1621 953 1698 1006 poli
1721 950 1844 993 obser-

516 1030 605 1058 vare
638 1025 838 1071 nequeunt.
906 1015 970 1056 Ad
1005 1015 1100 1057 hanc
1134 1016 1386 1056 differentiam
1427 1016 1754 1057 determinandim
1791 1015 1824 1055 se

515 1082 588 1136 legi
607 1080 882 1122 obseruationes
924 1077 1009 1120 Cel.
1047 1078 1215 1136 Conplct
1250 1080 1288 1120 in
1321 1079 1576 1120 obieruatorio
1609 1080 1774 1133 parisino
1807 1088 1847 1120 ct

516 1144 691 1185 Par-.1ibae
725 1155 846 1198 prope
878 1155 1119 1197 aequatorcrn
1152 1143 1328 1193 habitas,
1363 1143 1563 1183 secundum
1615 1156 1701 1197 quas
1750 1154 1847 1196 pen-

517 1208 649 1249 dulum
683 1210 720 1248 in
756 1207 872 1261 priori
906 1207 994 1247 loco
1025 1207 1069 1247 ad
1105 1208 1248 1246 minuta
1281 1206 1436 1246 stcundzt
1470 1207 1622 1245 vibmns
1640 1219 1762 1259 prope
1780 1218 1848 1246 ae-

517 1283 719 1328 quatorem
754 1272 851 1310 intra
885 1282 943 1320 24
977 1269 1086 1310 homs
1119 1271 1164 1311 ad
1200 1267 1247 1320 4'
1267 1303 1278 1322 ,
1317 1265 1438 1320 12‘'‚
1475 1269 1695 1308 retardatur.
1742 1267 1846 1310 Cum

517 1338 597 1378 iam
631 1347 809 1376 numerus
840 1332 1115 1374 oscillationum
1167 1335 1299 1374 ceteris
1350 1332 1499 1385 paribus
1533 1333 1575 1372 sit
1627 1333 1664 1370 in
1702 1334 1848 1373 ratione

517 1401 768 1454 subduplicata
802 1397 1027 1451 grauitatum
1047 1429 1057 1448 ,
1090 1396 1283 1450 colligitur
1317 1397 1403 1436 inde
1437 1396 1532 1434 ratio
1564 1394 1754 1448 grauitatis
1787 1395 1848 1437 sub

519 1463 713 1505 latitudine
767 1461 951 1516 parisiensi
986 1461 1032 1501 ad
1066 1473 1152 1502 eam
1187 1473 1282 1514 quae
1312 1459 1363 1500 cst
1398 1472 1519 1514 prope
1571 1469 1811 1512 aequatorcm
1834 1491 1845 1510 ‚

518 1538 563 1568 vt
602 1539 685 1578 173
725 1527 769 1566 ad
809 1537 909 1574 172.
979 1525 1172 1582 Quoniam
1209 1538 1328 1579 porro
1371 1525 1606 1564 incrementa
1657 1523 1848 1576 grauitatiS

518 1589 599 1632 sunt
634 1592 672 1630 in
708 1590 1070 1645 rationelduplicata
1104 1589 1246 1630 sinuum
1281 1589 1512 1640 latitudinis,
1548 1587 1617 1627 crit
1652 1588 1746 1627 ratio
1763 1599 1847 1640 gra·

518 1655 649 1695 vitatis
682 1654 743 1694 ἠὼ
796 1663 993 1707 aequatore
1044 1654 1090 1695 ad
1126 1666 1211 1693 cam
1249 1652 1311 1693 sub
1344 1654 1471 1707 polis,
1506 1662 1551 1691 vt
1585 1660 1643 1700 97
1680 1651 1728 1691 ad
1770 1658 1844 1701 98.

520 1716 560 1760 Si
597 1720 718 1772 itaque
737 1718 882 1771 pondus
916 1716 952 1757 H
988 1717 1048 1758 snb
1068 1728 1266 1771 aequatore
1287 1718 1445 1771 aequalis
1463 1716 1514 1756 cst
1541 1728 1557 1753 1
1583 1714 1628 1761 t&
1649 1748 1659 1766 ,
1695 1718 1724 1753 6
1756 1729 1845 1756 unc.

524 1783 637 1830 12dr.
675 1783 952 1822 incrementum
991 1783 1069 1822 eins
1105 1780 1164 1823 sub
1201 1783 1297 1835 polis
1331 1783 1401 1821 erit
1437 1793 1494 1830 90
1530 1792 1737 1834 gmnomm
1759 1814 1768 1831 ,
1804 1788 1846 1820 vt

519 1847 617 1888 adeo
650 1847 715 1888 vni
748 1846 877 1900 gradui
914 1846 1117 1886 latitudinis
1152 1859 1270 1885 vnum
1306 1847 1450 1886 circiter
1490 1857 1648 1899 granum
1693 1843 1847 1897 respon-

519 1912 619 1952 dent.
688 1910 942 1963 proportione
975 1924 1044 1964 per
1075 1911 1277 1963 adlegat-am
1314 1910 1480 1963 regulam
1516 1907 1684 1947 exactius
1724 1909 1848 1948 deter-

521 1977 661 2014 minata
713 1975 804 2014 scala
855 1974 1041 2028 graduum
1093 1974 1298 2016 latitudinis
1334 1974 1381 2013 ad
1415 1971 1452 2012 E
1501 1970 1676 2022 designari
1728 1971 1846 2026 potest

522 2036 579 2092 (<>'-
607 2037 673 2089 4-)

637 2105 672 2152 §.
696 2103 736 2137 6.
776 2099 874 2140 Cum
914 2100 1182 2154 horologipoci
1206 2113 1273 2152 per
1301 2099 1553 2140 conchoidcrn
1581 2100 1626 2139 ad
1663 2099 1843 2140 elaten-m

522 2166 747 2221 adplicatam
767 2163 934 2204 efficiant
953 2197 962 2216 ‚
1000 2176 1037 2206 vt
1057 2177 1168 2219 acque
1189 2176 1228 2204 in
1261 2165 1395 2206 maiori
1416 2178 1457 2205 ac
1476 2165 1617 2205 minori
1641 2163 1845 2206 intensione

1741 2228 1843 2268 idem
