1971 2700
530 228 621 270 352
851 216 932 260 DE
962 212 1181 261 BESTHS
1216 210 1491 259 MARINIS.

532 332 627 374 alter
658 331 804 373 alterius
836 331 929 373 ictus
962 330 1149 371 declinare
1191 329 1319 384 satagit
1339 363 1349 382 ,
1393 327 1573 384 quamdiu
1625 326 1763 373 viribus
1800 344 1859 374 ae-

535 396 688 452 quales,
721 396 856 436 feriunt
895 393 1144 434 solummodo
1177 396 1387 435 anteriores
1414 394 1549 448 pedes,
1583 396 1646 446 qui
1680 403 1774 435 veto
1801 399 1857 438 vi-

539 461 638 502 ribus
672 459 837 512 superior
854 490 865 508 ,
896 458 1057 498 alterum
1090 458 1261 499 dentibus
1290 469 1327 499 et
1360 458 1520 500 faucibus
1548 456 1710 510 corripit
1730 487 1742 508 ,
1779 469 1864 512 qua-

540 524 588 563 tit
621 535 664 563 ac
698 521 901 575 prosternit
920 554 932 573 ,
964 521 1042 562 hoc
1073 520 1154 562 viso
1186 522 1281 575 alii,
1314 523 1376 577 qui
1410 523 1547 562 interea
1588 520 1775 574 temporis
1804 519 1860 563 ffl-

498 620 500 622 .
539 587 613 626 tim
646 585 871 639 spectatores
902 585 1067 637 fuerunt,
1086 597 1284 627 accurrunt
1317 586 1497 641 oppresso
1530 585 1716 627 auxilium
1749 583 1865 626 feren-

542 658 624 703 tes,
658 649 779 690 veluti
813 651 1030 691 certaminis
1065 650 1342 691 moderatores.

659 713 826 755 Vulnera
858 714 1030 755 dentibus
1062 713 1225 754 inferunt
1258 715 1356 756 adeo
1389 716 1539 770 grandia
1558 726 1599 755 ac
1618 711 1801 764 crudelia,
1828 719 1874 752 vt

542 779 696 819 acinace
729 777 874 819 inflicta
907 777 1130 819 videantur:
1163 790 1248 819 raro
1279 780 1379 820 circa
1414 779 1534 820 finem
1571 777 1653 818 Iulii
1672 774 1775 816 vrsus
1792 787 1873 816 cet-

540 842 675 894 nitur‚
711 842 778 883 nifi
817 842 974 883 vulnere
1006 842 1225 896 insignitus:
1262 844 1347 897 post
1381 856 1546 898 pugnam
1583 842 1755 896 primum
1787 838 1870 891 est,

543 916 588 946 vt
622 918 732 960 aquas
767 916 897 960 petant
930 916 969 946 et
1001 918 1138 959 corpus
1170 907 1333 947 abluant.

666 969 805 1010 Praelia
841 979 969 1010 autem
1007 969 1186 1010 instruunt
1217 970 1268 1010 ob
1302 980 1376 1012 tres
1407 971 1640 1026 posissimum
1678 967 1826 1011 causas:

669 1045 706 1072 1.
743 1031 1052 1074 Crudelissimum
1089 1042 1283 1074 certamen
1330 1038 1450 1075 oritur
1503 1046 1663 1088 propter
1704 1043 1879 1083 vxores‚

542 1098 637 1138 dnm
670 1109 764 1138 vnus
794 1097 900 1138 alteri
935 1096 1122 1138 foemellas
1154 1097 1290 1138 adimit
1309 1129 1319 1148 ,
1352 1099 1413 1140 wel
1447 1098 1540 1138 filias
1573 1099 1715 1138 adultas
1750 1108 1772 1137 e
1812 1107 1880 1150 pa-

550 1162 617 1200 tris
648 1159 787 1200 familia
822 1172 953 1212 mpere
984 1160 1129 1212 cogitat
1150 1190 1160 1207 ‚
1197 1160 1394 1202 flmmellae
1428 1172 1558 1203 autem
1592 1161 1772 1202 adstantes
1788 1170 1880 1201 eum

545 1223 724 1276 deinceps
756 1222 951 1276 sequuntur
970 1256 980 1274 ,
1014 1223 1077 1275 qui
1111 1221 1231 1262 vietor
1263 1224 1388 1264 euasit.

674 1299 714 1325 2.
753 1287 911 1339 Propter
947 1286 1107 1336 locum,
1142 1285 1168 1326 si
1199 1286 1279 1338 quis
1319 1288 1465 1327 alterius
1515 1286 1642 1328 locum
1693 1295 1886 1341 occupat,

553 1350 617 1391 vel
650 1349 674 1390 sl
708 1349 868 1403 spatium
901 1349 1012 1388 nimis
1043 1348 1237 1400 angustum
1272 1359 1311 1388 et
1343 1351 1437 1390 alter
1454 1350 1689 1392 vicinitatem
1722 1361 1882 1406 propter

551 1413 749 1455 libidinem
782 1412 934 1453 affectat
967 1423 1004 1452 et
1037 1410 1282 1464 suspicionem
1324 1422 1466 1452 mouet.

675 1491 720 1528 3.
753 1477 913 1532 Propter
965 1487 1122 1531 acquum
1165 1485 1203 1516 et
1236 1474 1401 1529 iustum,
1435 1485 1477 1516 vt
1509 1476 1717 1518 certamina
1753 1476 1891 1518 mode-

561 1553 742 1585 rarentur.

674 1608 826 1648 Prolem
862 1621 900 1650 et
934 1621 1074 1649 vxorcs
1105 1607 1355 1648 vehementer
1386 1617 1547 1658 amant,
1580 1616 1618 1646 et
1651 1605 1697 1646 ab
1726 1615 1890 1661 vtroque

566 1672 670 1711 valde
705 1673 916 1724 timentur,
950 1670 1186 1712 crudelissimi
1221 1672 1258 1710 iu
1291 1669 1347 1712 sua
1381 1670 1515 1711 viscera
1549 1670 1709 1712 saeuiunt
1751 1680 1789 1710 et
1823 1670 1891 1711 he-

560 1736 628 1775 rile
662 1736 882 1777 dominium
917 1745 1095 1776 exercent
1149 1735 1211 1774 vel
1247 1735 1298 1775 ob
1332 1735 1554 1776 lcuissimam
1589 1732 1751 1775 causam.
1784 1730 1892 1774 Con·

562 1799 644 1853 tigit
673 1798 836 1853 saepius,
857 1811 900 1840 vt
936 1814 1006 1840 nos
1039 1799 1301 1839 inuaderemus
1333 1811 1592 1852 gynecaeum,
1611 1809 1654 1838 ac
1672 1798 1816 1838 catulo>
1832 1809 1891 1838 ra-

562 1875 736 1917 peremus
757 1897 766 1915 ‚
801 1865 900 1918 quod
935 1864 959 1904 si
995 1865 1031 1903 in
1067 1862 1140 1904 hoc
1174 1861 1252 1902 casu
1289 1874 1428 1915 mater,
1461 1863 1519 1903 cui
1553 1866 1637 1914 iuga
1671 1875 1747 1902 non
1774 1862 1891 1902 inter·

563 1927 692 1977 dieta,
728 1939 816 1980 prae
851 1930 971 1969 nimio
1007 1937 1115 1967 metu
1150 1927 1294 1967 catulos
1325 1928 1507 1980 reliquit,
1542 1937 1609 1964 nec
1642 1923 1800 1967 faucibus
1833 1937 1891 1966 ar-

566 2002 692 2043 reptos
725 1990 845 2031 lecum
897 1992 1072 2041 abstulit,
1125 2001 1164 2029 vt
1197 1990 1302 2030 nobis
1347 1990 1480 2042 pracda
1535 1989 1767 2041 euaderent,
1811 2001 1892 2031 mas

564 2053 694 2091 omissa
729 2067 849 2106 pugna
887 2054 1078 2094 nobiscum
1115 2063 1302 2104 arreptam
1339 2051 1556 2092 fbemcllam
1591 2053 1764 2094 dentibus
1781 2053 1818 2093 iu
1837 2052 1890 2093 al-

568 2124 652 2155 tum
688 2116 823 2155 elatam
860 2120 956 2156 adeo
989 2118 1094 2167 saepe
1129 2114 1220 2154 laxi>
1254 2115 1309 2154 bis
1343 2126 1442 2156 terne
1479 2115 1740 2157 fremebundus
1757 2115 1862 2157 allisit
1882 2147 1893 2167 ,

570 2189 612 2218 vt
647 2178 762 2220 veluti
798 2181 984 2221 exanimis
1025 2181 1191 2231 iaceret,
1223 2178 1285 2221 illa
1319 2192 1411 2221 vero
1444 2182 1619 2236 reparatis
1667 2180 1804 2222 viribus
1836 2191 1892 2218 re-

1780 2243 1891 2298 pebat
