1971 2700
385 181 645 231 ECLJPSES
675 183 1071 230 LVMINARIVM.
1344 193 1440 237 437

142 297 254 339 discus
283 296 430 348 Lunae,
460 295 695 350 segmentum
716 296 882 337 lucidum
904 295 1191 350 septentrionale
1219 294 1354 337 'anbh
1371 310 1448 339 ca.

141 363 335 415 Dirigatur
365 360 518 413 capillus
551 360 628 401 tubi
662 362 880 401 transuersus
912 362 957 401 ad
975 364 1114 401 cornua
1132 359 1284 414 phalcos
1305 393 1314 411 ‚
1343 355 1448 413 apte-

131 423 542 479 .turque·spec'taculum
574 424 788 478 eclipticum
824 426 862 464 in
896 425 989 464 tubo
1023 426 1072 464 ita
1092 457 1102 476 ,
1134 434 1179 464 vt
1210 436 1326 464 cornu
1352 424 1448 477 pha-

143 488 218 529 seos
250 488 462 536 alterutrum
496 488 533 527 in
567 488 866 529 intersectionem
901 488 1063 542 aliquam
1106 487 1330 541 capillorum
1356 484 1359 487 ’
1383 494 1450 540 pst-

140 552 351 593 rallelorum
385 563 472 591 cum
506 551 642 604 capillo
676 551 907 604 transuerso,
941 552 1046 592 verbi
1081 555 1194 604 gratia
1227 552 1447 592 inacndat.

147 617 185 656 A
220 625 392 668 tempore
424 616 615 655 contaetus
645 629 760 655 cornu
791 628 880 655 cum
912 615 1170 656 intersectione
1201 615 1262 656 illa
1297 615 1450 667 capillo-

144 691 228 720 rum
262 691 287 719 a
318 689 562 718 numerentur
612 678 856 719 oscillationes
888 679 1108 732 horologii,
1142 679 1261 719 donec
1315 679 1452 718 limbus

146 741 231 782 disci
265 740 398 782 Solaris
430 754 451 782 c
483 742 522 781 in
556 742 694 782 diurno
726 741 791 782 suo
807 756 845 807 ι
876 743 904 782 d
919 743 948 796 j
979 743 1072 782 litus
1104 754 1170 794 per
1201 743 1357 794 capillos
1395 751 1450 781 tu-

138 806 180 846 bi
215 804 402 857 parallelos
433 816 451 845 0
478 812 507 860 p
539 815 578 844 et
610 803 644 844 B
663 804 705 846 D
739 780 902 845 transeat.
969 805 1034 845 Ex
1068 804 1300 857 temporibus
1319 803 1454 856 ifpul-

132 869 243 913 ,liium
277 868 380 909 limbi
410 868 457 908 ad
490 868 646 921 capillos
677 880 697 909 0
723 875 752 922 p
784 878 821 907 et
855 866 949 908 BD
983 869 1021 906 in
1053 867 1081 907 d
1108 877 1147 906 et
1168 868 1223 924 f,
1264 867 1453 907 distantia-

141 945 211 984 que
240 932 463 984 capillorum
496 932 597 972 recta
622 963 633 984 ‚
666 931 725 971 seu
757 932 851 972 linea
873 944 904 984 g
933 944 956 971 e.
985 931 1069 971 data
1087 962 1098 982 ‚
1151 931 1357 971 inueniatur
1397 931 1453 970 di-

142 995 267 1035 stantia
309 996 408 1034 reeta
441 995 550 1035 limbi
583 1009 602 1035 e
633 1008 682 1047 c,
724 1008 745 1034 a
779 995 918 1048 capillo
950 994 1132 1048 proximo
1164 1006 1183 1034 0
1208 1002 1238 1048 p
1271 994 1308 1034 in
1343 993 1453 1033 initio

141 1058 406 1098 obseruationis
438 1058 609 1098 obtinens
639 1068 677 1098 et
708 1058 859 1111 angulus
891 1069 912 1097 e
943 1071 963 1098 c
996 1058 1025 1098 d
1053 1067 1096 1097 vt
1128 1056 1235 1111 supra
1265 1051 1285 1098 ξ
1311 1060 1370 1105 5ῑο
1398 1056 1451 1097 fit*

140 1120 261 1162 c‘tnm.
294 1119 534 1161 Subtrahzitur
567 1122 733 1162 distantia
764 1121 856 1161 haec
887 1132 908 1160 e
940 1134 962 1162 c
993 1132 1014 1160 a
1034 1119 1200 1159 distantia
1225 1117 1452 1171 capillorum

139 1185 237 1226 reeta
270 1193 290 1221 ο
320 1190 346 1236 p
376 1192 415 1220 et
446 1193 470 1234 q
501 1194 524 1222 r
543 1214 554 1232 ,
584 1192 623 1223 et
655 1182 804 1222 restabit
836 1181 1000 1221 distantia
1020 1180 1123 1221 reeta
1155 1194 1176 1223 c
1204 1182 1223 1222 l
1250 1181 1356 1222 limbi
1380 1178 1452 1222 So-

138 1246 220 1287 laris
253 1257 273 1285 a
305 1243 442 1297 capillo
473 1255 499 1297 q
531 1255 553 1283 r
585 1252 761 1298 tempore
792 1243 1060 1285 obseruationis
1091 1244 1272 1284 obtinens.
1356 1241 1450 1285 Sub-

132 1308 301 1348 trahatur
332 1307 503 1347 distantia
537 1306 628 1348 haec
662 1321 682 1348 c
715 1307 733 1348 l
759 1320 780 1348 a
811 1308 916 1349 radio
949 1307 1036 1348 disci
1071 1305 1234 1360 Solaris,
1268 1316 1307 1347 et
1340 1307 1454 1348 resta-

137 1371 191 1412 bit
224 1369 460 1411 semicliorda
490 1370 674 1417 defectiua
693 1378 763 1423 at,
783 1379 957 1424 tempore
975 1370 1233 1411 obseruationis
1252 1371 1424 1412 obtinens
1440 1391 1453 1423 ν,

136 1435 235 1474 cuius
266 1433 457 1473 inclinatio
496 1434 541 1474 ad
574 1434 745 1474 diurnum
787 1433 884 1475 Solis
928 1435 1086 1488 aequalis
1136 1435 1273 1488 angulo
1322 1447 1344 1475 e
1375 1448 1397 1476 c
1428 1435 1458 1475 d

139 1508 206 1550 per
239 1495 337 1549 supra
370 1497 469 1542 dic'ta
519 1497 638 1537 datur.
705 1498 771 1538 Ex
805 1497 1038 1538 lemichorda
1086 1498 1267 1540 defectiua
1300 1505 1349 1539 at
1369 1528 1381 1549 ‚
1414 1507 1454 1538 et

141 1560 330 1599 diametro
360 1560 446 1600 disci
476 1556 615 1601 Solaris
662 1560 869 1601 inueniatur
918 1562 1017 1602 linea
1047 1568 1064 1602 t
1093 1560 1171 1612 hg
1201 1574 1222 1601 e
1253 1562 1358 1601 radio
1387 1574 1453 1601 au-

142 1631 222 1663 tem
255 1623 342 1662 disci
374 1622 529 1664 Lunaris
562 1636 611 1664 ex
644 1625 886 1669 antecedente
921 1625 982 1664 vel
1013 1624 1185 1678 sequente
1226 1624 1451 1665 obseruatio-

139 1697 187 1725 ne
224 1687 398 1738 proxima
418 1718 428 1738 ‚
461 1687 652 1738 methodo
685 1687 862 1741 superiori
903 1688 1065 1728 instituta
1097 1690 1186 1729 dato
1205 1721 1215 1738 ,
1247 1698 1283 1728 et
1316 1686 1451 1728 eadem

141 1746 373 1801 semicliorda
411 1750 590 1789 descc'tiua
612 1781 622 1799 ,
672 1750 942 1791 determinetur
975 1752 1104 1803 {iigitta
1136 1751 1318 1791 defeetiua
1350 1758 1366 1790 t
1399 1763 1422 1789 η
1441 1781 1452 1800 ,

141 1825 211 1864 qua
246 1810 416 1851 subn-ach
449 1824 469 1851 a
505 1811 596 1851 linea
628 1817 643 1851 t
679 1810 706 1851 h
739 1813 884 1852 restabit
917 1812 1035 1864 phasis
1086 1813 1263 1866 eclipseos
1295 1813 1322 1854 h
1356 1825 1378 1853 n
1413 1815 1454 1852 in

142 1874 247 1915 initio
280 1873 542 1913 obseruationis
582 1875 756 1915 obtinens
787 1875 976 1929 quaesita3
1009 1884 1047 1915 et
1078 1876 1123 1916 fic
1174 1889 1303 1930 porro.
1371 1876 1454 1917 Ob-

141 1936 293 1978 scuratio
325 1947 451 1983 autem
484 1938 657 1978 maxima
683 1940 907 1985 :accuratius
940 1948 978 1977 et
1011 1940 1159 1992 optime
1211 1940 1360 1993 temper.
1390 1940 1454 1979 (ἴε-

143 2001 356 2041 terminatur
374 2013 424 2040 ex
442 2000 757 2041 obseruationibus
775 2004 900 2042 eidem
923 2004 1123 2054 proximis,
1152 2005 1371 2044 immediate
1391 2016 1458 2043 nu*

143 2074 219 2103 tem
232 2073 392 2102 accurata
412 2064 595 2104 obseruari
617 2065 875 2109 nistffa'riffime
893 2075 1037 2105 tantum
1052 2067 1192 2119 potest:
1215 2069 1394 2107 iucem-m
1417 2079 1456 2105 e-

142 2128 222 2167 nim
232 2126 281 2166 est
292 2126 710 2182 obseruatoritcniporis
732 2138 985 2169 momentum
1005 2142 1081 2183 quo
1099 2132 1230 2171 cadem
1250 2133 1452 2182 emungit.

701 2190 871 2244 Iii3
1329 2194 1447 2243 §.7‘
