1971 2700
468 210 548 255 DE
579 207 803 254 BESTIIS
833 208 1105 255 MARINIS.
1361 222 1453 264 337

149 337 282 378 margo
315 323 474 379 quinque
507 322 640 363 obtusis
672 322 851 363 laciniolis
882 322 999 363 veluti
1032 323 1226 363 vndulatus
1265 321 1306 362 fit
1325 352 1336 372 ‚
1384 336 1454 375 pro

150 401 307 430 nurnero
329 389 542 441 digitorum.
596 386 843 426 Pinnatorum
877 387 1016 426 horum
1050 386 1279 426 anteriorum
1312 385 1453 438 pedum

150 453 230 492 vsus
262 452 396 505 duplex
428 450 479 490 est
517 447 575 504 1.)
609 459 650 489 vt
683 449 753 489 illis
804 460 936 501 natet,
971 446 1096 503 hiscine
1129 451 1154 490 fi
1185 450 1279 490 velit
1312 449 1381 488 sele
1415 449 1453 488 in

149 514 337 569 superficie
368 526 544 567 aquarum
580 514 773 553 contineat
794 545 805 564 ‚
841 516 953 567 iisque
987 514 1030 553 ad
1064 514 1176 553 latera
1213 512 1379 566 expansis
1415 513 1455 552 in

148 579 250 632 aquis
280 578 325 618 ad
358 576 662 631 perpendiculum
698 577 838 616 erectus
871 577 959 631 stet3
996 576 1087 617 alter
1120 577 1201 617 vsus
1232 576 1302 629 est,
1338 586 1382 616 vt
1408 575 1457 615 il·

149 642 193 682 lis
225 641 393 692 incedat,
441 652 483 679 ac
517 640 656 680 ered'tus
685 642 727 679 iis
761 640 924 692 insistat,
975 641 1107 681 eadem
1158 641 1261 680 enim
1313 639 1457 679 ratione

150 704 404 758 posterioribus
437 703 561 756 pinnis
591 705 724 756 copori
758 703 966 755 substratis,
1017 704 1258 742 anterioribus
1305 703 1456 742 innixus

149 769 248 808 sedet
281 768 317 807 in
350 767 439 806 saxis
471 778 515 805 ac
545 778 664 806 canes.
718 765 763 806 In
799 775 952 819 Vtroque
984 766 1065 805 casu
1099 766 1204 816 digiti
1233 765 1455 817 erepiphy-

150 833 202 871 ses
252 830 473 883 cartilaginei
511 829 688 883 plantae,
731 842 862 883 carpus
909 840 946 869 et
1005 838 1242 880 metacarpus
1291 827 1457 867 calcanei

148 895 250 935 vices
304 894 454 933 obeunt.
544 891 644 933 Cum
704 903 832 934 autem
881 905 1018 945 corpus
1068 892 1206 944 grande
1255 903 1299 931 ac
1347 891 1459 931 valde

125 956 396 1011 >ponderosum
455 956 499 998 fit
519 988 529 1008 ⁷
569 958 731 996 eundem
790 958 828 996 in
881 956 997 996 finem
1056 955 1259 994 anteriores
1318 953 1460 1007 pinnati

147 1021 260 1073 pedes
307 1019 490 1061 crassiores
509 1051 519 1070 ‚
575 1020 723 1059 latiores
754 1029 793 1059 et
832 1019 1054 1059 robustiores
1101 1030 1119 1057 a
1153 1028 1278 1057 natura
1319 1017 1460 1056 forma-

149 1084 179 1122 ti
218 1082 308 1122 lunt.

265 1145 378 1185 Pedes
410 1147 554 1197 pinnati
586 1145 809 1196 posteriores
826 1143 993 1182 natando
1012 1141 1152 1193 magis,
1170 1153 1286 1195 quam
1308 1140 1459 1182 inceffni

149 1207 229 1261 apti
263 1206 341 1246 sunt
361 1235 372 1255 ‚
408 1218 451 1245 ac
485 1207 660 1258 exigente
690 1203 900 1246 necestitate
938 1217 1118 1245 manuum
1140 1206 1240 1245 vices
1256 1204 1455 1257 supplent:

146 1270 293 1312 Eadem
327 1267 432 1307 enim
463 1268 610 1310 ratione
641 1278 684 1308 vt
714 1281 825 1309 canes
844 1301 854 1321 ,
888 1268 1155 1322 posterioribus
1204 1270 1358 1321 pedibus
1395 1279 1461 1307 ca-

146 1341 217 1387 put
248 1341 288 1371 et
320 1342 420 1370 aures
450 1340 488 1370 et
520 1332 674 1385 quidem
710 1331 916 1386 frequenter
950 1331 1143 1384 scalpunt,
1179 1331 1240 1371 hic
1273 1332 1372 1371 euim
1391 1343 1460 1370 ve-

144 1408 185 1437 re
213 1394 303 1434 solus
333 1394 542 1434 otiosorum
575 1396 612 1434 in
644 1398 862 1435 continente
894 1396 1112 1435 animalium
1133 1395 1236 1434 labor
1254 1394 1319 1434 est.
1358 1393 1461 1434 Ena-

148 1460 178 1498 ti
210 1458 288 1497 suut
317 1458 432 1511 pedes
480 1458 704 1512 posteriores
743 1460 779 1498 in
810 1459 956 1498 extima
1001 1458 1170 1510 corporis
1220 1468 1325 1511 parte
1376 1456 1460 1510 post

148 1533 293 1573 anum,
324 1530 368 1561 vt
399 1521 438 1560 in
473 1521 597 1574 phoca
618 1553 629 1573 ‚
664 1521 851 1574 colymbis
869 1553 880 1570 ‚
913 1520 989 1562 alca
1009 1553 1020 1573 ,
1053 1520 1204 1574 graculo
1235 1521 1387 1560 marino
1420 1527 1461 1559 et

150 1584 231 1624 aliis
261 1583 385 1624 auibus
416 1585 570 1625 marinis
589 1585 752 1626 multum
786 1594 932 1636 natatu,
965 1597 1099 1638 parum
1132 1583 1266 1623 incessu
1296 1583 1462 1623 valenti-

151 1646 242 1697 bus,
279 1647 443 1701 adeoque
475 1649 658 1701 proxime
688 1647 890 1688 adhaerent
921 1647 1101 1700 corpori,
1138 1655 1180 1686 vt
1211 1647 1339 1699 singuli
1364 1646 1462 1685 scor-

150 1710 223 1750 fim
254 1711 405 1762 quidem
438 1713 607 1762 moueri,
625 1713 749 1752 diduci
782 1721 912 1752 tamen
943 1719 1148 1764 nequeant,
1182 1710 1272 1750 hinc
1292 1710 1462 1749 incedens

152 1771 294 1813 animal
344 1773 382 1810 in
433 1774 652 1813 continente
711 1775 837 1827 podici
886 1775 1062 1814 innixum
1111 1782 1149 1812 et
1200 1772 1463 1826 posterioribus

153 1835 307 1890 pedibus
336 1834 382 1874 ad
413 1833 527 1874 latera
559 1835 731 1888 expansis
749 1868 760 1887 ‚
791 1836 1035 1876 anterioribus
1067 1834 1186 1875 saltim
1214 1835 1404 1887 graditur,
1424 1842 1463 1873 et

153 1898 394 1952 posteriorem
426 1906 572 1950 partem
605 1899 772 1952 corporis
802 1911 877 1938 vna
909 1911 998 1938 cum
1019 1897 1174 1951 pedibus
1198 1898 1313 1938 veluti
1333 1897 1462 1938 inutile.

155 1961 301 2015 pondus
319 1992 330 2011 ,
362 1960 444 2013 post
474 1960 506 1999 le
539 1960 652 2000 trahit
669 1993 681 2013 ,
713 1961 839 2014 quibus
869 1960 1050 2014 fugientes
1081 1961 1119 2000 in
1148 1973 1260 2001 arena
1295 1962 1340 2001 ad
1381 1960 1463 2000 litus

154 2025 270 2064 sulcos
286 2034 324 2063 et
341 2022 480 2063 canales
498 2023 612 2063 veluti
631 2035 792 2063 vomere
809 2025 962 2075 ducunt,
982 2035 1028 2063 ac
1061 2033 1260 2077 propterea
1290 2036 1337 2064 ne
1356 2035 1464 2064 arena

154 2089 220 2128 sub
246 2095 375 2128 ventre
404 2086 512 2127 aucta
544 2086 824 2141 impedimento
853 2086 925 2140 fit,
958 2098 1035 2128 non
1066 2086 1190 2140 resta,
1223 2084 1283 2129 sed
1315 2087 1463 2141 serpen-

153 2152 235 2193 tina
266 2151 363 2190 linea
393 2149 550 2204 fugiunt.

221 2215 259 2255 T
262 2226 345 2254 om.
376 2212 430 2255 11.
452 2213 558 2256 Nou.
578 2211 804 2256 Commeat.
1013 2211 1054 2254 V
1085 2223 1111 2257 v
1358 2208 1462 2253 Sibia
