1971 2700
506 189 595 238 176
663 181 804 230 VSVS
837 181 997 233 LEGIS
1032 176 1426 228 DECRENENTI
1468 178 1711 226 CALORIS
1744 186 1813 225 cet.

623 300 665 357 5)
698 299 808 341 quta
840 298 874 342 C
908 300 950 342 sit
984 298 1258 340 infundibulum
1280 331 1290 350 ,
1322 306 1367 338 vt
1400 294 1477 336 vasi
1495 296 1702 338 commode
1726 310 1818 354 aqua

502 363 647 406 infiindi
681 365 791 419 poilit
810 397 820 416 ‚
850 374 890 406 ct

617 432 662 479 6)
700 429 814 472 Circa
850 426 884 470 B
918 426 1167 482 epistomitim
1187 459 1198 480 ,
1231 435 1275 469 vt
1303 425 1428 468 eidem
1445 426 1561 467 etiam
1581 424 1704 467 exitus
1727 437 1819 469 con·

500 493 584 534 cedi
616 491 741 546 poffit.

619 554 664 609 7)
697 553 948 609 Suspendatur
979 567 1044 596 vas
1076 555 1114 596 Α
1138 552 1173 595 Β
1206 556 1242 596 in
1273 553 1392 596 libero
1431 557 1517 596 a‘c'rc
1550 566 1628 609 ope
1666 563 1819 596 catenae

502 620 541 661 A
572 633 614 674 g.
651 619 690 659 h.
726 628 764 659 ct
795 618 1005 661 infundatur
1036 632 1129 675 aqua
1161 618 1306 671 calida,
1341 629 1495 660 notetur
1526 619 1664 659 deinde

621 681 662 738 8)
696 683 925 737 Temperies
953 696 1070 738 aquae
1103 684 1308 739 aperiendo
1337 683 1484 725 ianuam
1516 682 1677 724 cistellae
1706 689 1745 722 et
1763 680 1822 722 in-

505 747 694 804 spiciendo
728 746 1073 789 Thermometrum
1101 744 1220 803 aquae
1249 747 1475 790 immerfiim
1495 781 1506 800 ,
1539 748 1736 790 habebitur
1764 744 1793 787 d

622 808 664 865 9)
695 810 921 853 Obseruetur
951 814 1152 866 temperies
1170 814 1266 854 a'e‘ris
1284 824 1361 868 ope
1379 813 1523 854 alterius
1543 813 1672 854 similis
1696 810 1823 852 Ther-

503 876 689 917 mometri
722 876 760 915 in
796 878 882 915 a‘e're
916 877 1032 917 libero
1066 877 1273 929 pendentis.

622 936 692 993 10)
727 938 811 978 Post
852 950 871 988 5
911 941 1006 979 min.
1041 953 1098 993 pr.
1143 940 1250 980 idem
1302 940 1438 981 iterum
1482 939 1549 982 fiat
1599 939 1687 996 (vel
1737 936 1823 993 post

499 1001 647 1055 longius
677 999 856 1057 tempus)
887 1002 991 1056 quod
1022 1015 1063 1043 n.
1104 1008 1127 1045 8
1159 1012 1200 1044 et
1234 1016 1261 1054 9
1296 1005 1493 1044 monitum
1512 1037 1522 1056 ,
1553 1014 1599 1045 et
1618 1002 1825 1045 innotescet

497 1066 785 1108 decrementum
816 1066 841 1108 b
875 1079 944 1123 per
972 1066 1055 1109 hoc
1086 1076 1239 1123 tempus
1269 1065 1332 1108 sub
1374 1066 1527 1108 definita
1573 1068 1672 1109 ae'ris
1720 1077 1823 1108 tem-

499 1142 618 1186 peric.

622 1193 695 1250 11)
726 1194 815 1236 Post
855 1207 908 1236 η
943 1195 1055 1236 horas
1088 1197 1226 1236 iterum
1275 1197 1400 1235 notari
1449 1195 1572 1250 potest
1620 1196 1825 1250 temperies

498 1269 617 1313 aquae
650 1268 690 1299 et
722 1259 919 1301 habebitur
951 1273 984 1302 c.
1050 1260 1104 1302 Hi
1137 1260 1270 1314 gradus
1300 1258 1480 1299 sufficient
1513 1260 1714 1312 temperiei
1741 1271 1822 1300 me-

496 1322 582 1364 diae
617 1325 713 1364 ae'ris
744 1324 942 1366 interuallo
980 1335 1034 1362 12
1070 1324 1251 1365 horarum
1272 1324 1512 1365 inueniendac
1546 1322 1606 1373 (§.
1633 1335 1673 1362 1.
1697 1335 1736 1362 2.
1760 1320 1821 1379 3.)

625 1393 694 1438 12)
726 1385 768 1428 Si
799 1388 955 1429 tandem
989 1388 1103 1428 nimis
1133 1387 1341 1428 retardatur
1373 1397 1501 1430 motus
1538 1386 1640 1428 fluidi
1690 1386 1825 1428 Ther-

500 1451 718 1492 mometrici
741 1483 753 1502 ,
788 1451 880 1492 dum
915 1453 1120 1506 temperies
1152 1451 1255 1492 fluidi
1287 1452 1334 1492 ad
1366 1452 1594 1506 temperiem
1628 1452 1725 1492 a'e‘ris
1743 1449 1823 1491 sen·

501 1514 571 1556 sim
605 1516 727 1568 magis
766 1516 962 1570 magisque
1013 1516 1325 1570 appropinquat,
1377 1517 1476 1558 aliud
1510 1528 1574 1557 vas
1603 1515 1753 1569 aequ-,ile
1784 1524 1823 1556 et

499 1578 611 1619 simili
645 1580 792 1619 ratione
826 1581 863 1619 in
897 1582 986 1620 ae're
1020 1580 1142 1620 libero
1174 1578 1384 1632 suspensum
1418 1581 1540 1633 adsit,
1573 1589 1610 1620 ct
1651 1577 1822 1619 infunda-

499 1650 556 1682 tur
590 1644 722 1682 eadcm
758 1644 942 1696 quantitas
971 1655 1085 1697 aquae
1116 1643 1256 1684 calidae
1288 1654 1328 1684 et
1362 1643 1472 1686 simili
1507 1644 1628 1685 modo
1675 1651 1823 1684 notetur

499 1708 699 1761 temperies
729 1707 851 1760 aeris,
882 1708 1085 1758 temperies
1117 1719 1232 1761 aquae
1264 1707 1410 1750 initialis
1427 1719 1465 1749 et
1486 1709 1689 1761 temperies
1706 1719 1821 1761 aquae

497 1770 582 1824 post
620 1781 640 1820 5
690 1771 785 1811 min.
828 1785 884 1825 pr.
922 1772 984 1812 vel
1035 1771 1181 1824 lougius
1230 1781 1410 1825 tempus,
1460 1782 1504 1813 vt
1534 1773 1820 1812 decrementum

497 1834 631 1874 caloris
662 1834 761 1874 istius
794 1836 979 1889 temporis
1011 1835 1208 1878 interuallo
1248 1836 1465 1877 innotescat.
1539 1835 1626 1876 Post
1663 1848 1714 1874 12
1750 1834 1818 1874 ho-

497 1910 552 1937 ras
583 1898 754 1938 fimilitcr
787 1900 907 1953 potest
940 1900 1061 1940 notari
1099 1900 1301 1953 temperies
1349 1913 1467 1954 aquae
1499 1914 1534 1941 c.
1615 1898 1684 1938 His
1716 1895 1820 1936 fastis

499 1961 633 2001 iterum
671 1963 795 2002 media
828 1973 1031 2018 temperies
1063 1964 1159 2004 a'e'ris
1192 1963 1351 2003 inueniri
1386 1963 1506 2015 potest
1526 1993 1535 2010 ‚
1579 1969 1621 1999 rt
1656 1960 1689 2008 §-
1713 1961 1747 2008 §-
1775 1972 1815 2002 ¹·

504 2036 527 2062 2
567 2035 605 2071 3.
639 2025 822 2066 ostensum
844 2060 854 2078 ,
887 2037 924 2067 ct
956 2027 980 2067 si
1023 2038 1150 2066 motus
1190 2025 1292 2065 fluidi
1351 2025 1652 2065 tliemiometrici
1705 2023 1820 2064 rurliis

498 2088 609 2127 nimis
644 2090 843 2128 retardatus
875 2090 956 2138 est,
997 2101 1062 2128 vas
1105 2089 1204 2141 prius
1254 2085 1366 2127 rursus
1414 2100 1504 2141 aqua
1554 2101 1649 2129 noua
1699 2088 1819 2130 calida

499 2150 610 2192 insula
643 2151 889 2193 obiemationi
923 2152 1043 2208 potest
1076 2152 1195 2207 aptari
1228 2162 1266 2192 et
1298 2151 1346 2194 sic
1389 2164 1519 2207 porro.
