<?xml version="1.0" encoding="UTF-8"?>
<!DOCTYPE html PUBLIC "-//W3C//DTD XHTML 1.0 Transitional//EN"
    "http://www.w3.org/TR/xhtml1/DTD/xhtml1-transitional.dtd">
<html xmlns="http://www.w3.org/1999/xhtml" xml:lang="en" lang="en">
 <head>
  <title>
</title>
<meta http-equiv="Content-Type" content="text/html;charset=utf-8" />
  <meta name='ocr-system' content='tesseract 3.04.00' />
  <meta name='ocr-capabilities' content='ocr_page ocr_carea ocr_par ocr_line ocrx_word'/>
</head>
<body>
  <div class='ocr_page' id='page_1' title='image "./novicommentariac02impe_0502.png"; bbox 0 0 1971 2700; ppageno 0'>
   <div class='ocr_carea' id='block_1_1' title="bbox 272 1581 408 1619">
    <p class='ocr_par' dir='ltr' id='par_1_1' title="bbox 272 1581 408 1619">
     <span class='ocr_line' id='line_1_1' title="bbox 272 1581 408 1619; baseline -0.007 -7"><span class='ocrx_word' id='word_1_1' title='bbox 272 1581 336 1619; x_wconf 67' lang='grc' dir='ltr'>Ιὶς.</span> <span class='ocrx_word' id='word_1_2' title='bbox 363 1587 408 1618; x_wconf 77' lang='lat'>¹4·</span> 
     </span>
    </p>
   </div>
   <div class='ocr_carea' id='block_1_2' title="bbox 488 151 1518 211">
    <p class='ocr_par' dir='ltr' id='par_1_2' title="bbox 488 151 1518 211">
     <span class='ocr_line' id='line_1_2' title="bbox 488 151 1518 211; baseline 0.006 -13"><span class='ocrx_word' id='word_1_3' title='bbox 488 161 548 211; x_wconf 77' lang='lat'>4⁶</span> <span class='ocrx_word' id='word_1_4' title='bbox 552 161 582 198; x_wconf 90' lang='lat'>6</span> <span class='ocrx_word' id='word_1_5' title='bbox 780 151 1116 203; x_wconf 81' lang='lat' dir='ltr'><em>METHODVS</em></span> <span class='ocrx_word' id='word_1_6' title='bbox 1144 153 1447 204; x_wconf 82' lang='lat' dir='ltr'>OBSERVAN</span> <span class='ocrx_word' id='word_1_7' title='bbox 1451 158 1518 204; x_wconf 86' lang='lat' dir='ltr'>DI</span> 
     </span>
    </p>
   </div>
   <div class='ocr_carea' id='block_1_3' title="bbox 478 271 1818 2176">
    <p class='ocr_par' dir='ltr' id='par_1_3' title="bbox 478 271 1818 2126">
     <span class='ocr_line' id='line_1_3' title="bbox 486 271 1813 331; baseline 0.001 -13"><span class='ocrx_word' id='word_1_8' title='bbox 486 287 526 318; x_wconf 88' lang='lat' dir='ltr'>et</span> <span class='ocrx_word' id='word_1_9' title='bbox 558 275 779 318; x_wconf 66' lang='lat' dir='ltr'>formabitur</span> <span class='ocrx_word' id='word_1_10' title='bbox 818 276 908 317; x_wconf 85' lang='lat' dir='ltr'>inde</span> <span class='ocrx_word' id='word_1_11' title='bbox 967 276 1198 331; x_wconf 84' lang='lat' dir='ltr'>triangulum</span> <span class='ocrx_word' id='word_1_12' title='bbox 1250 275 1490 317; x_wconf 67' lang='lat' dir='ltr'>rectilineum</span> <span class='ocrx_word' id='word_1_13' title='bbox 1548 273 1590 316; x_wconf 89' lang='lat' dir='ltr'><em>M</em></span> <span class='ocrx_word' id='word_1_14' title='bbox 1612 271 1726 330; x_wconf 89' lang='lat' dir='ltr'>SE,</span> <span class='ocrx_word' id='word_1_15' title='bbox 1774 278 1813 319; x_wconf 72' lang='lat' dir='ltr'>in</span> 
     </span>
     <span class='ocr_line' id='line_1_4' title="bbox 488 337 1817 397; baseline -0.001 -15"><span class='ocrx_word' id='word_1_16' title='bbox 488 353 566 397; x_wconf 88' lang='lat' dir='ltr'>quo</span> <span class='ocrx_word' id='word_1_17' title='bbox 599 342 693 382; x_wconf 87' lang='lat' dir='ltr'>datis</span> <span class='ocrx_word' id='word_1_18' title='bbox 724 354 792 395; x_wconf 92' lang='lat' dir='ltr'>pcr</span> <span class='ocrx_word' id='word_1_19' title='bbox 826 340 931 394; x_wconf 89' lang='lat' dir='ltr'>supra</span> <span class='ocrx_word' id='word_1_20' title='bbox 963 341 1065 381; x_wconf 71' lang='lat' dir='ltr'>dsta</span> <span class='ocrx_word' id='word_1_21' title='bbox 1098 341 1270 381; x_wconf 69' lang='lat' dir='ltr'>lateribus</span> <span class='ocrx_word' id='word_1_22' title='bbox 1303 340 1350 381; x_wconf 97' lang='lat' dir='ltr'><em>M</em></span> <span class='ocrx_word' id='word_1_23' title='bbox 1371 339 1397 380; x_wconf 91' lang='lat' dir='ltr'>S</span> <span class='ocrx_word' id='word_1_24' title='bbox 1433 350 1469 380; x_wconf 88' lang='lat' dir='ltr'>et</span> <span class='ocrx_word' id='word_1_25' title='bbox 1502 337 1529 379; x_wconf 89' lang='lat' dir='ltr'>S</span> <span class='ocrx_word' id='word_1_26' title='bbox 1551 340 1584 380; x_wconf 85' lang='lat' dir='ltr'>E</span> <span class='ocrx_word' id='word_1_27' title='bbox 1616 353 1704 380; x_wconf 92' lang='lat' dir='ltr'>cum</span> <span class='ocrx_word' id='word_1_28' title='bbox 1748 352 1817 382; x_wconf 85' lang='lat' dir='ltr'>an·</span> 
     </span>
     <span class='ocr_line' id='line_1_5' title="bbox 486 402 1817 460; baseline -0.001 -14"><span class='ocrx_word' id='word_1_29' title='bbox 486 406 577 460; x_wconf 88' lang='lat' dir='ltr'>gulo</span> <span class='ocrx_word' id='word_1_30' title='bbox 610 407 824 458; x_wconf 88' lang='lat' dir='ltr'>intercepto</span> <span class='ocrx_word' id='word_1_31' title='bbox 842 404 889 444; x_wconf 87' lang='grc' dir='ltr'><strong><em>Μ</em></strong></span> <span class='ocrx_word' id='word_1_32' title='bbox 908 404 934 445; x_wconf 93' lang='lat' dir='ltr'>S</span> <span class='ocrx_word' id='word_1_33' title='bbox 955 405 990 445; x_wconf 80' lang='lat' dir='ltr'>F,</span> <span class='ocrx_word' id='word_1_34' title='bbox 1009 406 1250 444; x_wconf 89' lang='lat' dir='ltr'>inuenientur</span> <span class='ocrx_word' id='word_1_35' title='bbox 1267 405 1390 458; x_wconf 87' lang='lat' dir='ltr'>anguli</span> <span class='ocrx_word' id='word_1_36' title='bbox 1410 404 1437 445; x_wconf 94' lang='lat' dir='ltr'>S</span> <span class='ocrx_word' id='word_1_37' title='bbox 1460 404 1492 444; x_wconf 84' lang='lat' dir='ltr'>E</span> <span class='ocrx_word' id='word_1_38' title='bbox 1512 402 1557 445; x_wconf 84' lang='lat' dir='ltr'><em>M</em></span> <span class='ocrx_word' id='word_1_39' title='bbox 1594 414 1633 443; x_wconf 90' lang='lat' dir='ltr'>et</span> <span class='ocrx_word' id='word_1_40' title='bbox 1656 402 1682 443; x_wconf 88' lang='lat' dir='ltr'>S</span> <span class='ocrx_word' id='word_1_41' title='bbox 1697 403 1817 457; x_wconf 83' lang='lat' dir='ltr'>ME,</span> 
     </span>
     <span class='ocr_line' id='line_1_6' title="bbox 487 467 1815 522; baseline -0.002 -12"><span class='ocrx_word' id='word_1_42' title='bbox 487 482 558 510; x_wconf 87' lang='lat' dir='ltr'>nec</span> <span class='ocrx_word' id='word_1_43' title='bbox 599 481 678 509; x_wconf 90' lang='lat' dir='ltr'>non</span> <span class='ocrx_word' id='word_1_44' title='bbox 712 468 806 508; x_wconf 83' lang='lat' dir='ltr'>latus</span> <span class='ocrx_word' id='word_1_45' title='bbox 839 467 887 510; x_wconf 91' lang='lat' dir='ltr'><em>M</em></span> <span class='ocrx_word' id='word_1_46' title='bbox 916 469 962 511; x_wconf 86' lang='lat' dir='ltr'>E.</span> <span class='ocrx_word' id='word_1_47' title='bbox 997 467 1250 510; x_wconf 81' lang='lat' dir='ltr'>Subtmliatur</span> <span class='ocrx_word' id='word_1_48' title='bbox 1283 469 1437 522; x_wconf 79' lang='lat' dir='ltr'>angulus</span> <span class='ocrx_word' id='word_1_49' title='bbox 1467 467 1548 510; x_wconf 77' lang='lat' dir='ltr'>SE</span> <span class='ocrx_word' id='word_1_50' title='bbox 1568 468 1612 510; x_wconf 90' lang='lat' dir='ltr'><em>M</em></span> <span class='ocrx_word' id='word_1_51' title='bbox 1657 469 1705 508; x_wconf 88' lang='lat' dir='ltr'>ab</span> <span class='ocrx_word' id='word_1_52' title='bbox 1746 480 1815 509; x_wconf 88' lang='lat' dir='ltr'>an·</span> 
     </span>
     <span class='ocr_line' id='line_1_7' title="bbox 484 530 1815 586; baseline 0.001 -14"><span class='ocrx_word' id='word_1_53' title='bbox 484 533 576 586; x_wconf 88' lang='lat' dir='ltr'>gulo</span> <span class='ocrx_word' id='word_1_54' title='bbox 612 530 727 572; x_wconf 82' lang='lat' dir='ltr'>lES</span> <span class='ocrx_word' id='word_1_55' title='bbox 762 531 866 586; x_wconf 88' lang='lat' dir='ltr'>supra</span> <span class='ocrx_word' id='word_1_56' title='bbox 901 533 1022 584; x_wconf 86' lang='lat' dir='ltr'>dato,</span> <span class='ocrx_word' id='word_1_57' title='bbox 1073 542 1113 572; x_wconf 91' lang='lat' dir='ltr'>et</span> <span class='ocrx_word' id='word_1_58' title='bbox 1147 532 1296 572; x_wconf 85' lang='lat' dir='ltr'>restabit</span> <span class='ocrx_word' id='word_1_59' title='bbox 1329 532 1486 586; x_wconf 83' lang='lat' dir='ltr'>angulus</span> <span class='ocrx_word' id='word_1_60' title='bbox 1519 533 1566 575; x_wconf 92' lang='lat' dir='ltr'><em>M</em></span> <span class='ocrx_word' id='word_1_61' title='bbox 1586 533 1620 574; x_wconf 89' lang='lat' dir='ltr'>E</span> <span class='ocrx_word' id='word_1_62' title='bbox 1640 532 1673 573; x_wconf 92' lang='lat'>1.</span> <span class='ocrx_word' id='word_1_63' title='bbox 1728 531 1815 573; x_wconf 86' lang='lat' dir='ltr'>lam</span> 
     </span>
     <span class='ocr_line' id='line_1_8' title="bbox 482 595 1813 650; baseline 0.002 -15"><span class='ocrx_word' id='word_1_64' title='bbox 482 597 522 636; x_wconf 90' lang='lat' dir='ltr'>in</span> <span class='ocrx_word' id='word_1_65' title='bbox 543 596 734 650; x_wconf 84' lang='lat' dir='ltr'>triangulo</span> <span class='ocrx_word' id='word_1_66' title='bbox 753 595 801 637; x_wconf 88' lang='lat' dir='ltr'><em>M</em></span> <span class='ocrx_word' id='word_1_67' title='bbox 815 596 875 638; x_wconf 90' lang='lat' dir='ltr'>EI</span> <span class='ocrx_word' id='word_1_68' title='bbox 897 598 1032 638; x_wconf 87' lang='lat' dir='ltr'>itidem</span> <span class='ocrx_word' id='word_1_69' title='bbox 1053 596 1255 637; x_wconf 70' lang='lat' dir='ltr'>rectilineo</span> <span class='ocrx_word' id='word_1_70' title='bbox 1273 597 1369 637; x_wconf 80' lang='lat' dir='ltr'>datis</span> <span class='ocrx_word' id='word_1_71' title='bbox 1387 598 1558 638; x_wconf 78' lang='lat' dir='ltr'>lateribus</span> <span class='ocrx_word' id='word_1_72' title='bbox 1577 596 1672 638; x_wconf 83' lang='lat' dir='ltr'>ME</span> <span class='ocrx_word' id='word_1_73' title='bbox 1690 608 1728 638; x_wconf 90' lang='lat' dir='ltr'>et</span> <span class='ocrx_word' id='word_1_74' title='bbox 1746 597 1777 637; x_wconf 77' lang='lat' dir='ltr'>F</span> <span class='ocrx_word' id='word_1_75' title='bbox 1791 595 1813 638; x_wconf 93' lang='lat'><em>1</em></span> 
     </span>
     <span class='ocr_line' id='line_1_9' title="bbox 481 659 1818 715; baseline -0.001 -13"><span class='ocrx_word' id='word_1_76' title='bbox 481 673 570 702; x_wconf 89' lang='lat' dir='ltr'>cum</span> <span class='ocrx_word' id='word_1_77' title='bbox 591 659 732 714; x_wconf 86' lang='lat' dir='ltr'>angulo</span> <span class='ocrx_word' id='word_1_78' title='bbox 750 661 1018 715; x_wconf 74' lang='lat' dir='ltr'>inteiceptoM</span> <span class='ocrx_word' id='word_1_79' title='bbox 1031 660 1093 702; x_wconf 86' lang='lat' dir='ltr'>El</span> <span class='ocrx_word' id='word_1_80' title='bbox 1114 661 1328 701; x_wconf 87' lang='lat' dir='ltr'>inuenietur</span> <span class='ocrx_word' id='word_1_81' title='bbox 1347 661 1500 714; x_wconf 80' lang='lat' dir='ltr'>angulus</span> <span class='ocrx_word' id='word_1_82' title='bbox 1515 663 1548 703; x_wconf 88' lang='lat' dir='ltr'>E</span> <span class='ocrx_word' id='word_1_83' title='bbox 1567 661 1611 703; x_wconf 81' lang='lat' dir='ltr'><em>M</em></span> <span class='ocrx_word' id='word_1_84' title='bbox 1627 661 1742 702; x_wconf 89' lang='lat' dir='ltr'>Icum</span> <span class='ocrx_word' id='word_1_85' title='bbox 1765 661 1818 701; x_wconf 80' lang='lat' dir='ltr'>la-</span> 
     </span>
     <span class='ocr_line' id='line_1_10' title="bbox 483 723 1815 779; baseline -0.001 -14"><span class='ocrx_word' id='word_1_86' title='bbox 483 735 564 765; x_wconf 87' lang='lat' dir='ltr'>tere</span> <span class='ocrx_word' id='word_1_87' title='bbox 586 724 632 766; x_wconf 91' lang='lat' dir='ltr'><em>M</em></span> <span class='ocrx_word' id='word_1_88' title='bbox 655 723 671 764; x_wconf 91' lang='lat'>1</span> <span class='ocrx_word' id='word_1_89' title='bbox 692 758 702 776; x_wconf 93' lang='lat'>,</span> <span class='ocrx_word' id='word_1_90' title='bbox 736 725 838 779; x_wconf 90' lang='lat' dir='ltr'>quod</span> <span class='ocrx_word' id='word_1_91' title='bbox 858 736 1012 766; x_wconf 87' lang='lat' dir='ltr'>motum</span> <span class='ocrx_word' id='word_1_92' title='bbox 1031 725 1151 765; x_wconf 89' lang='lat' dir='ltr'>centri</span> <span class='ocrx_word' id='word_1_93' title='bbox 1172 725 1331 765; x_wconf 71' lang='lat' dir='ltr'>Vmbrae</span> <span class='ocrx_word' id='word_1_94' title='bbox 1352 726 1389 765; x_wconf 93' lang='lat' dir='ltr'>in</span> <span class='ocrx_word' id='word_1_95' title='bbox 1410 725 1537 766; x_wconf 79' lang='lat' dir='ltr'>semita</span> <span class='ocrx_word' id='word_1_96' title='bbox 1557 726 1723 766; x_wconf 80' lang='lat' dir='ltr'>eiusdem</span> <span class='ocrx_word' id='word_1_97' title='bbox 1744 737 1815 778; x_wconf 79' lang='lat' dir='ltr'>ap—</span> 
     </span>
     <span class='ocr_line' id='line_1_11' title="bbox 479 787 1815 845; baseline 0 -16"><span class='ocrx_word' id='word_1_98' title='bbox 479 800 636 843; x_wconf 78' lang='lat' dir='ltr'>parente</span> <span class='ocrx_word' id='word_1_99' title='bbox 655 821 666 840; x_wconf 93' lang='lat'>,</span> <span class='ocrx_word' id='word_1_100' title='bbox 700 799 883 843; x_wconf 86' lang='lat' dir='ltr'>tempore</span> <span class='ocrx_word' id='word_1_101' title='bbox 918 791 1017 830; x_wconf 88' lang='lat' dir='ltr'>inter</span> <span class='ocrx_word' id='word_1_102' title='bbox 1053 787 1332 830; x_wconf 69' lang='lat' dir='ltr'>obstem-itiones</span> <span class='ocrx_word' id='word_1_103' title='bbox 1365 787 1573 845; x_wconf 83' lang='lat' dir='ltr'>assumptas</span> <span class='ocrx_word' id='word_1_104' title='bbox 1604 789 1731 844; x_wconf 79' lang='lat' dir='ltr'>claplo</span> <span class='ocrx_word' id='word_1_105' title='bbox 1760 788 1815 829; x_wconf 78' lang='lat' dir='ltr'>fa-</span> 
     </span>
     <span class='ocr_line' id='line_1_12' title="bbox 479 852 1811 908; baseline 0 -14"><span class='ocrx_word' id='word_1_106' title='bbox 479 854 587 894; x_wconf 65' lang='lat' dir='ltr'>stum</span> <span class='ocrx_word' id='word_1_107' title='bbox 622 863 663 895; x_wconf 91' lang='lat' dir='ltr'>et</span> <span class='ocrx_word' id='word_1_108' title='bbox 695 854 908 907; x_wconf 84' lang='lat' dir='ltr'>quaesitum</span> <span class='ocrx_word' id='word_1_109' title='bbox 944 853 1085 908; x_wconf 84' lang='lat' dir='ltr'>prodit.</span> <span class='ocrx_word' id='word_1_110' title='bbox 1121 853 1302 893; x_wconf 88' lang='lat' dir='ltr'>Tandem</span> <span class='ocrx_word' id='word_1_111' title='bbox 1337 853 1492 894; x_wconf 81' lang='lat' dir='ltr'>addatur</span> <span class='ocrx_word' id='word_1_112' title='bbox 1510 854 1664 908; x_wconf 85' lang='lat' dir='ltr'>angulus</span> <span class='ocrx_word' id='word_1_113' title='bbox 1685 852 1811 895; x_wconf 87' lang='lat' dir='ltr'>EMI</span> 
     </span>
     <span class='ocr_line' id='line_1_13' title="bbox 480 915 1815 972; baseline 0.001 -15"><span class='ocrx_word' id='word_1_114' title='bbox 480 929 605 970; x_wconf 88' lang='lat' dir='ltr'>nuper</span> <span class='ocrx_word' id='word_1_115' title='bbox 637 920 815 959; x_wconf 89' lang='lat' dir='ltr'>inuentus</span> <span class='ocrx_word' id='word_1_116' title='bbox 847 918 894 958; x_wconf 85' lang='lat' dir='ltr'>ad</span> <span class='ocrx_word' id='word_1_117' title='bbox 927 917 1107 972; x_wconf 85' lang='lat' dir='ltr'>angulum</span> <span class='ocrx_word' id='word_1_118' title='bbox 1143 917 1178 958; x_wconf 91' lang='lat' dir='ltr'><strong>E</strong></span> <span class='ocrx_word' id='word_1_119' title='bbox 1197 917 1243 959; x_wconf 86' lang='lat' dir='ltr'><em>M</em></span> <span class='ocrx_word' id='word_1_120' title='bbox 1263 915 1319 968; x_wconf 87' lang='lat' dir='ltr'>S,</span> <span class='ocrx_word' id='word_1_121' title='bbox 1372 927 1415 958; x_wconf 73' lang='lat' dir='ltr'>vt</span> <span class='ocrx_word' id='word_1_122' title='bbox 1449 920 1612 971; x_wconf 80' lang='lat' dir='ltr'>prodeat</span> <span class='ocrx_word' id='word_1_123' title='bbox 1659 917 1815 971; x_wconf 84' lang='lat' dir='ltr'>angulus</span> 
     </span>
     <span class='ocr_line' id='line_1_14' title="bbox 480 979 1812 1036; baseline 0 -14"><span class='ocrx_word' id='word_1_124' title='bbox 480 980 564 1022; x_wconf 90' lang='lat' dir='ltr'>IM</span> <span class='ocrx_word' id='word_1_125' title='bbox 586 979 640 1033; x_wconf 87' lang='lat' dir='ltr'>S,</span> <span class='ocrx_word' id='word_1_126' title='bbox 677 981 751 1022; x_wconf 88' lang='lat' dir='ltr'>hoc</span> <span class='ocrx_word' id='word_1_127' title='bbox 785 983 892 1023; x_wconf 86' lang='lat' dir='ltr'>enim</span> <span class='ocrx_word' id='word_1_128' title='bbox 927 985 973 1022; x_wconf 85' lang='lat' dir='ltr'>ad</span> <span class='ocrx_word' id='word_1_129' title='bbox 1007 982 1186 1035; x_wconf 83' lang='lat' dir='ltr'>angulum</span> <span class='ocrx_word' id='word_1_130' title='bbox 1224 981 1267 1023; x_wconf 88' lang='lat' dir='ltr'><em>M</em></span> <span class='ocrx_word' id='word_1_131' title='bbox 1289 979 1316 1022; x_wconf 93' lang='lat' dir='ltr'>S</span> <span class='ocrx_word' id='word_1_132' title='bbox 1337 981 1371 1022; x_wconf 85' lang='lat' dir='ltr'>E</span> <span class='ocrx_word' id='word_1_133' title='bbox 1402 982 1556 1035; x_wconf 88' lang='lat' dir='ltr'>addito,</span> <span class='ocrx_word' id='word_1_134' title='bbox 1588 982 1812 1036; x_wconf 82' lang='lat' dir='ltr'>summaque</span> 
     </span>
     <span class='ocr_line' id='line_1_15' title="bbox 481 1042 1816 1098; baseline 0.001 -13"><span class='ocrx_word' id='word_1_135' title='bbox 481 1057 619 1086; x_wconf 88' lang='lat' dir='ltr'>eorum</span> <span class='ocrx_word' id='word_1_136' title='bbox 654 1059 675 1087; x_wconf 88' lang='lat' dir='ltr'>a</span> <span class='ocrx_word' id='word_1_137' title='bbox 713 1042 815 1089; x_wconf 79' lang='lat'>180⁹</span> <span class='ocrx_word' id='word_1_138' title='bbox 849 1046 1035 1087; x_wconf 69' lang='lat' dir='ltr'>subtract-‚1</span> <span class='ocrx_word' id='word_1_139' title='bbox 1071 1047 1109 1086; x_wconf 91' lang='lat' dir='ltr'>in</span> <span class='ocrx_word' id='word_1_140' title='bbox 1144 1045 1292 1086; x_wconf 90' lang='lat' dir='ltr'>residuo</span> <span class='ocrx_word' id='word_1_141' title='bbox 1325 1045 1493 1098; x_wconf 80' lang='lat' dir='ltr'>prodibit</span> <span class='ocrx_word' id='word_1_142' title='bbox 1526 1047 1727 1088; x_wconf 86' lang='lat' dir='ltr'>inclinatio</span> <span class='ocrx_word' id='word_1_143' title='bbox 1761 1045 1816 1086; x_wconf 86' lang='lat' dir='ltr'>se-</span> 
     </span>
     <span class='ocr_line' id='line_1_16' title="bbox 480 1108 1814 1162; baseline 0.001 -12"><span class='ocrx_word' id='word_1_144' title='bbox 480 1110 660 1150; x_wconf 89' lang='lat' dir='ltr'>mitarum</span> <span class='ocrx_word' id='word_1_145' title='bbox 714 1110 881 1151; x_wconf 83' lang='lat' dir='ltr'>visarum</span> <span class='ocrx_word' id='word_1_146' title='bbox 921 1109 1003 1152; x_wconf 86' lang='lat' dir='ltr'>SE</span> <span class='ocrx_word' id='word_1_147' title='bbox 1036 1119 1076 1150; x_wconf 92' lang='lat' dir='ltr'>et</span> <span class='ocrx_word' id='word_1_148' title='bbox 1111 1109 1156 1151; x_wconf 95' lang='lat' dir='ltr'><em>M</em></span> <span class='ocrx_word' id='word_1_149' title='bbox 1179 1109 1196 1150; x_wconf 94' lang='lat'>1</span> <span class='ocrx_word' id='word_1_150' title='bbox 1223 1143 1235 1162; x_wconf 91' lang='lat'><strong>‚</strong></span> <span class='ocrx_word' id='word_1_151' title='bbox 1279 1111 1401 1150; x_wconf 89' lang='lat' dir='ltr'>centri</span> <span class='ocrx_word' id='word_1_152' title='bbox 1444 1108 1576 1150; x_wconf 86' lang='lat' dir='ltr'>Lunae</span> <span class='ocrx_word' id='word_1_153' title='bbox 1619 1120 1659 1150; x_wconf 93' lang='lat' dir='ltr'>et</span> <span class='ocrx_word' id='word_1_154' title='bbox 1689 1108 1814 1151; x_wconf 85' lang='lat' dir='ltr'>centri</span> 
     </span>
     <span class='ocr_line' id='line_1_17' title="bbox 480 1172 1812 1230; baseline 0.002 -18"><span class='ocrx_word' id='word_1_155' title='bbox 480 1173 641 1213; x_wconf 75' lang='lat' dir='ltr'>vmbnie</span> <span class='ocrx_word' id='word_1_156' title='bbox 680 1173 727 1213; x_wconf 85' lang='lat' dir='ltr'>ad</span> <span class='ocrx_word' id='word_1_157' title='bbox 763 1173 797 1213; x_wconf 84' lang='lat' dir='ltr'>se</span> <span class='ocrx_word' id='word_1_158' title='bbox 831 1175 1001 1215; x_wconf 92' lang='lat' dir='ltr'>inuicem</span> <span class='ocrx_word' id='word_1_159' title='bbox 1053 1174 1226 1226; x_wconf 84' lang='lat' dir='ltr'>quaesita.</span> <span class='ocrx_word' id='word_1_160' title='bbox 1263 1172 1333 1226; x_wconf 57' lang='lat'>3⁶⁰</span> <span class='ocrx_word' id='word_1_161' title='bbox 1368 1174 1516 1230; x_wconf 80' lang='lat' dir='ltr'>Quodsi</span> <span class='ocrx_word' id='word_1_162' title='bbox 1548 1175 1588 1215; x_wconf 87' lang='lat' dir='ltr'>in</span> <span class='ocrx_word' id='word_1_163' title='bbox 1623 1175 1712 1214; x_wconf 91' lang='lat' dir='ltr'>loco</span> <span class='ocrx_word' id='word_1_164' title='bbox 1744 1174 1812 1215; x_wconf 82' lang='lat' dir='ltr'>ob-</span> 
     </span>
     <span class='ocr_line' id='line_1_18' title="bbox 481 1235 1814 1292; baseline 0.003 -17"><span class='ocrx_word' id='word_1_165' title='bbox 481 1235 695 1276; x_wconf 75' lang='lat' dir='ltr'>stniationis</span> <span class='ocrx_word' id='word_1_166' title='bbox 727 1237 893 1277; x_wconf 89' lang='lat' dir='ltr'>altitudo</span> <span class='ocrx_word' id='word_1_167' title='bbox 927 1238 1136 1291; x_wconf 87' lang='lat' dir='ltr'>aequatoris</span> <span class='ocrx_word' id='word_1_168' title='bbox 1165 1240 1319 1290; x_wconf 83' lang='lat' dir='ltr'>cognita</span> <span class='ocrx_word' id='word_1_169' title='bbox 1353 1236 1465 1277; x_wconf 90' lang='lat' dir='ltr'>fuerit</span> <span class='ocrx_word' id='word_1_170' title='bbox 1485 1270 1496 1289; x_wconf 88' lang='lat'>,</span> <span class='ocrx_word' id='word_1_171' title='bbox 1549 1241 1691 1292; x_wconf 89' lang='lat' dir='ltr'>poterit</span> <span class='ocrx_word' id='word_1_172' title='bbox 1734 1238 1814 1280; x_wconf 85' lang='lat' dir='ltr'>hoc</span> 
     </span>
     <span class='ocr_line' id='line_1_19' title="bbox 481 1300 1813 1355; baseline 0.002 -15"><span class='ocrx_word' id='word_1_173' title='bbox 481 1300 660 1354; x_wconf 85' lang='lat' dir='ltr'>requisito</span> <span class='ocrx_word' id='word_1_174' title='bbox 695 1312 786 1340; x_wconf 90' lang='lat' dir='ltr'>cum</span> <span class='ocrx_word' id='word_1_175' title='bbox 820 1301 1010 1353; x_wconf 84' lang='lat' dir='ltr'>prioribus</span> <span class='ocrx_word' id='word_1_176' title='bbox 1042 1300 1138 1340; x_wconf 89' lang='lat' dir='ltr'>datis</span> <span class='ocrx_word' id='word_1_177' title='bbox 1170 1301 1390 1354; x_wconf 90' lang='lat' dir='ltr'>composito</span> <span class='ocrx_word' id='word_1_178' title='bbox 1423 1311 1468 1341; x_wconf 81' lang='lat' dir='ltr'>ad</span> <span class='ocrx_word' id='word_1_179' title='bbox 1503 1311 1658 1355; x_wconf 82' lang='lat' dir='ltr'>tenipus</span> <span class='ocrx_word' id='word_1_180' title='bbox 1689 1304 1813 1343; x_wconf 80' lang='lat' dir='ltr'>cuius·</span> 
     </span>
     <span class='ocr_line' id='line_1_20' title="bbox 480 1363 1815 1418; baseline 0.001 -14"><span class='ocrx_word' id='word_1_181' title='bbox 480 1364 572 1405; x_wconf 86' lang='lat' dir='ltr'>libet</span> <span class='ocrx_word' id='word_1_182' title='bbox 608 1364 878 1405; x_wconf 82' lang='lat' dir='ltr'>obl&#39;eruationis</span> <span class='ocrx_word' id='word_1_183' title='bbox 911 1364 1070 1418; x_wconf 78' lang='lat' dir='ltr'>phaleos</span> <span class='ocrx_word' id='word_1_184' title='bbox 1101 1363 1260 1404; x_wconf 89' lang='lat' dir='ltr'>altitudo</span> <span class='ocrx_word' id='word_1_185' title='bbox 1301 1365 1421 1404; x_wconf 88' lang='lat' dir='ltr'>etiam</span> <span class='ocrx_word' id='word_1_186' title='bbox 1474 1367 1598 1404; x_wconf 88' lang='lat' dir='ltr'>centri</span> <span class='ocrx_word' id='word_1_187' title='bbox 1651 1366 1815 1406; x_wconf 71' lang='lat' dir='ltr'>vmbrae</span> 
     </span>
     <span class='ocr_line' id='line_1_21' title="bbox 481 1427 1816 1483; baseline 0 -14"><span class='ocrx_word' id='word_1_188' title='bbox 481 1427 586 1483; x_wconf 82' lang='lat' dir='ltr'>supra</span> <span class='ocrx_word' id='word_1_189' title='bbox 622 1429 870 1469; x_wconf 73' lang='lat' dir='ltr'>horizontem</span> <span class='ocrx_word' id='word_1_190' title='bbox 904 1441 1118 1483; x_wconf 84' lang='lat' dir='ltr'>apparens,</span> <span class='ocrx_word' id='word_1_191' title='bbox 1152 1440 1222 1468; x_wconf 89' lang='lat' dir='ltr'>nec</span> <span class='ocrx_word' id='word_1_192' title='bbox 1255 1440 1335 1468; x_wconf 90' lang='lat' dir='ltr'>non</span> <span class='ocrx_word' id='word_1_193' title='bbox 1369 1427 1577 1468; x_wconf 86' lang='lat' dir='ltr'>declinatio</span> <span class='ocrx_word' id='word_1_194' title='bbox 1619 1439 1658 1469; x_wconf 88' lang='lat' dir='ltr'>et</span> <span class='ocrx_word' id='word_1_195' title='bbox 1690 1428 1816 1469; x_wconf 89' lang='lat' dir='ltr'>ascen-</span> 
     </span>
     <span class='ocr_line' id='line_1_22' title="bbox 479 1490 1815 1548; baseline -0.001 -14"><span class='ocrx_word' id='word_1_196' title='bbox 479 1493 535 1534; x_wconf 90' lang='lat' dir='ltr'>sio</span> <span class='ocrx_word' id='word_1_197' title='bbox 568 1494 668 1534; x_wconf 64' lang='lat' dir='ltr'>recta</span> <span class='ocrx_word' id='word_1_198' title='bbox 703 1495 872 1534; x_wconf 90' lang='lat' dir='ltr'>eiusdem</span> <span class='ocrx_word' id='word_1_199' title='bbox 907 1503 1132 1548; x_wconf 87' lang='lat' dir='ltr'>apparentes</span> <span class='ocrx_word' id='word_1_200' title='bbox 1172 1492 1348 1532; x_wconf 88' lang='lat' dir='ltr'>inueniri.</span> <span class='ocrx_word' id='word_1_201' title='bbox 1430 1490 1582 1532; x_wconf 86' lang='lat' dir='ltr'>Dantur</span> <span class='ocrx_word' id='word_1_202' title='bbox 1631 1494 1739 1533; x_wconf 85' lang='lat' dir='ltr'>enim</span> <span class='ocrx_word' id='word_1_203' title='bbox 1775 1493 1815 1534; x_wconf 87' lang='lat' dir='ltr'>in</span> 
     </span>
     <span class='ocr_line' id='line_1_23' title="bbox 482 1555 1815 1612; baseline 0 -14"><span class='ocrx_word' id='word_1_204' title='bbox 482 1558 664 1612; x_wconf 81' lang='lat' dir='ltr'>requisitis</span> <span class='ocrx_word' id='word_1_205' title='bbox 695 1558 786 1611; x_wconf 79' lang='lat' dir='ltr'>§phi</span> <span class='ocrx_word' id='word_1_206' title='bbox 821 1557 930 1598; x_wconf 83' lang='lat' dir='ltr'>liuius</span> <span class='ocrx_word' id='word_1_207' title='bbox 962 1559 1010 1598; x_wconf 87' lang='lat' dir='ltr'>ad</span> <span class='ocrx_word' id='word_1_208' title='bbox 1042 1557 1255 1608; x_wconf 79' lang='lat' dir='ltr'>quamlibet</span> <span class='ocrx_word' id='word_1_209' title='bbox 1302 1555 1603 1597; x_wconf 80' lang='lat' dir='ltr'>obseruationem</span> <span class='ocrx_word' id='word_1_210' title='bbox 1656 1555 1815 1611; x_wconf 78' lang='lat' dir='ltr'>pliaseos</span> 
     </span>
     <span class='ocr_line' id='line_1_24' title="bbox 481 1620 1816 1676; baseline 0.001 -14"><span class='ocrx_word' id='word_1_211' title='bbox 481 1622 643 1663; x_wconf 85' lang='lat' dir='ltr'>altitudo</span> <span class='ocrx_word' id='word_1_212' title='bbox 674 1633 712 1662; x_wconf 89' lang='lat' dir='ltr'>et</span> <span class='ocrx_word' id='word_1_213' title='bbox 745 1622 955 1663; x_wconf 82' lang='lat' dir='ltr'>declinatio</span> <span class='ocrx_word' id='word_1_214' title='bbox 1005 1623 1126 1662; x_wconf 81' lang='lat' dir='ltr'>centri</span> <span class='ocrx_word' id='word_1_215' title='bbox 1178 1621 1311 1662; x_wconf 89' lang='lat' dir='ltr'>Lunae</span> <span class='ocrx_word' id='word_1_216' title='bbox 1345 1620 1379 1660; x_wconf 92' lang='lat' dir='ltr'><strong>L</strong></span> <span class='ocrx_word' id='word_1_217' title='bbox 1410 1631 1663 1674; x_wconf 80' lang='lat' dir='ltr'>apparentes,</span> <span class='ocrx_word' id='word_1_218' title='bbox 1716 1633 1816 1676; x_wconf 81' lang='lat' dir='ltr'>quae</span> 
     </span>
     <span class='ocr_line' id='line_1_25' title="bbox 479 1681 1816 1739; baseline 0 -13"><span class='ocrx_word' id='word_1_219' title='bbox 479 1687 525 1726; x_wconf 89' lang='lat' dir='ltr'>ad</span> <span class='ocrx_word' id='word_1_220' title='bbox 562 1688 670 1739; x_wconf 83' lang='lat' dir='ltr'>polos</span> <span class='ocrx_word' id='word_1_221' title='bbox 704 1687 834 1726; x_wconf 84' lang='lat' dir='ltr'>mundi</span> <span class='ocrx_word' id='word_1_222' title='bbox 870 1697 909 1726; x_wconf 90' lang='lat' dir='ltr'>ct</span> <span class='ocrx_word' id='word_1_223' title='bbox 942 1686 1155 1727; x_wconf 87' lang='lat' dir='ltr'>horizontis</span> <span class='ocrx_word' id='word_1_224' title='bbox 1186 1685 1215 1726; x_wconf 89' lang='lat' dir='ltr'>P</span> <span class='ocrx_word' id='word_1_225' title='bbox 1247 1696 1289 1726; x_wconf 87' lang='lat' dir='ltr'>et</span> <span class='ocrx_word' id='word_1_226' title='bbox 1323 1681 1361 1725; x_wconf 95' lang='lat' dir='ltr'>Z</span> <span class='ocrx_word' id='word_1_227' title='bbox 1396 1686 1606 1738; x_wconf 63' lang='lat' dir='ltr'>productae</span> <span class='ocrx_word' id='word_1_228' title='bbox 1639 1698 1730 1726; x_wconf 90' lang='lat' dir='ltr'>cum</span> <span class='ocrx_word' id='word_1_229' title='bbox 1759 1684 1816 1727; x_wconf 82' lang='lat' dir='ltr'>al-</span> 
     </span>
     <span class='ocr_line' id='line_1_26' title="bbox 478 1749 1813 1804; baseline 0.001 -14"><span class='ocrx_word' id='word_1_230' title='bbox 478 1751 642 1792; x_wconf 85' lang='lat' dir='ltr'>titudine</span> <span class='ocrx_word' id='word_1_231' title='bbox 676 1751 883 1804; x_wconf 87' lang='lat' dir='ltr'>aequatoris</span> <span class='ocrx_word' id='word_1_232' title='bbox 898 1782 909 1800; x_wconf 93' lang='lat'>,</span> <span class='ocrx_word' id='word_1_233' title='bbox 945 1749 1002 1791; x_wconf 83' lang='lat' dir='ltr'>seu</span> <span class='ocrx_word' id='word_1_234' title='bbox 1037 1751 1208 1790; x_wconf 85' lang='lat' dir='ltr'>distantia</span> <span class='ocrx_word' id='word_1_235' title='bbox 1243 1750 1321 1803; x_wconf 89' lang='lat' dir='ltr'>poli</span> <span class='ocrx_word' id='word_1_236' title='bbox 1341 1749 1473 1790; x_wconf 90' lang='lat' dir='ltr'>mundi</span> <span class='ocrx_word' id='word_1_237' title='bbox 1493 1762 1514 1788; x_wconf 84' lang='lat' dir='ltr'>a</span> <span class='ocrx_word' id='word_1_238' title='bbox 1538 1749 1682 1789; x_wconf 79' lang='lat' dir='ltr'>vei-tice</span> <span class='ocrx_word' id='word_1_239' title='bbox 1703 1781 1715 1801; x_wconf 87' lang='lat'>,</span> <span class='ocrx_word' id='word_1_240' title='bbox 1736 1749 1813 1791; x_wconf 79' lang='lat' dir='ltr'>for-</span> 
     </span>
     <span class='ocr_line' id='line_1_27' title="bbox 479 1810 1807 1868; baseline 0.001 -14"><span class='ocrx_word' id='word_1_241' title='bbox 479 1815 639 1855; x_wconf 89' lang='lat' dir='ltr'>mabunt</span> <span class='ocrx_word' id='word_1_242' title='bbox 675 1814 903 1868; x_wconf 83' lang='lat' dir='ltr'>triangulum</span> <span class='ocrx_word' id='word_1_243' title='bbox 939 1813 1177 1868; x_wconf 86' lang='lat' dir='ltr'>sphaericum</span> <span class='ocrx_word' id='word_1_244' title='bbox 1198 1810 1237 1854; x_wconf 92' lang='lat' dir='ltr'>Z</span> <span class='ocrx_word' id='word_1_245' title='bbox 1258 1814 1282 1854; x_wconf 87' lang='lat' dir='ltr'>P</span> <span class='ocrx_word' id='word_1_246' title='bbox 1302 1812 1334 1854; x_wconf 88' lang='lat' dir='ltr'>L</span> <span class='ocrx_word' id='word_1_247' title='bbox 1356 1844 1367 1862; x_wconf 84' lang='lat'>‚</span> <span class='ocrx_word' id='word_1_248' title='bbox 1403 1813 1440 1853; x_wconf 88' lang='lat' dir='ltr'>in</span> <span class='ocrx_word' id='word_1_249' title='bbox 1467 1825 1543 1867; x_wconf 90' lang='lat' dir='ltr'>quo</span> <span class='ocrx_word' id='word_1_250' title='bbox 1561 1813 1657 1854; x_wconf 86' lang='lat' dir='ltr'>datis</span> <span class='ocrx_word' id='word_1_251' title='bbox 1676 1813 1807 1855; x_wconf 82' lang='lat' dir='ltr'>omni-</span> 
     </span>
     <span class='ocr_line' id='line_1_28' title="bbox 478 1875 1811 1933; baseline 0.001 -14"><span class='ocrx_word' id='word_1_252' title='bbox 478 1880 541 1919; x_wconf 88' lang='lat' dir='ltr'>bus</span> <span class='ocrx_word' id='word_1_253' title='bbox 574 1880 650 1919; x_wconf 77' lang='lat' dir='ltr'>cius</span> <span class='ocrx_word' id='word_1_254' title='bbox 702 1879 904 1930; x_wconf 88' lang='lat' dir='ltr'>lateribus,</span> <span class='ocrx_word' id='word_1_255' title='bbox 956 1880 1110 1932; x_wconf 86' lang='lat' dir='ltr'>angulus</span> <span class='ocrx_word' id='word_1_256' title='bbox 1143 1879 1190 1919; x_wconf 83' lang='lat' dir='ltr'>ad</span> <span class='ocrx_word' id='word_1_257' title='bbox 1221 1888 1398 1919; x_wconf 88' lang='lat' dir='ltr'>centrum</span> <span class='ocrx_word' id='word_1_258' title='bbox 1451 1876 1581 1917; x_wconf 89' lang='lat' dir='ltr'>Lunae</span> <span class='ocrx_word' id='word_1_259' title='bbox 1637 1877 1666 1918; x_wconf 83' lang='lat' dir='ltr'>P</span> <span class='ocrx_word' id='word_1_260' title='bbox 1685 1879 1718 1919; x_wconf 90' lang='lat' dir='ltr'>L</span> <span class='ocrx_word' id='word_1_261' title='bbox 1739 1875 1777 1920; x_wconf 93' lang='lat' dir='ltr'>Z</span> <span class='ocrx_word' id='word_1_262' title='bbox 1797 1911 1811 1933; x_wconf 81' lang='lat'><em>‚</em></span> 
     </span>
     <span class='ocr_line' id='line_1_29' title="bbox 478 1941 1812 1996; baseline 0.002 -16"><span class='ocrx_word' id='word_1_263' title='bbox 478 1955 590 1994; x_wconf 78' lang='lat' dir='ltr'>quem</span> <span class='ocrx_word' id='word_1_264' title='bbox 627 1943 782 1983; x_wconf 86' lang='lat' dir='ltr'>circulus</span> <span class='ocrx_word' id='word_1_265' title='bbox 815 1943 1074 1983; x_wconf 86' lang='lat' dir='ltr'>declinationis</span> <span class='ocrx_word' id='word_1_266' title='bbox 1105 1956 1195 1983; x_wconf 91' lang='lat' dir='ltr'>cum</span> <span class='ocrx_word' id='word_1_267' title='bbox 1229 1942 1372 1983; x_wconf 90' lang='lat' dir='ltr'>circulo</span> <span class='ocrx_word' id='word_1_268' title='bbox 1403 1941 1605 1981; x_wconf 85' lang='lat' dir='ltr'>altitudinis</span> <span class='ocrx_word' id='word_1_269' title='bbox 1637 1943 1778 1984; x_wconf 84' lang='lat' dir='ltr'>format</span> <span class='ocrx_word' id='word_1_270' title='bbox 1798 1975 1812 1996; x_wconf 87' lang='lat'><strong>,</strong></span> 
     </span>
     <span class='ocr_line' id='line_1_30' title="bbox 481 2005 1812 2061; baseline 0.003 -17"><span class='ocrx_word' id='word_1_271' title='bbox 481 2005 696 2045; x_wconf 83' lang='lat' dir='ltr'>definietur.</span> <span class='ocrx_word' id='word_1_272' title='bbox 767 2007 961 2047; x_wconf 79' lang='lat' dir='ltr'>Pmctcrca</span> <span class='ocrx_word' id='word_1_273' title='bbox 1006 2007 1040 2045; x_wconf 90' lang='lat' dir='ltr'>in</span> <span class='ocrx_word' id='word_1_274' title='bbox 1075 2007 1207 2046; x_wconf 86' lang='lat' dir='ltr'>iisdem</span> <span class='ocrx_word' id='word_1_275' title='bbox 1260 2005 1441 2059; x_wconf 82' lang='lat' dir='ltr'>requisitis</span> <span class='ocrx_word' id='word_1_276' title='bbox 1472 2005 1579 2046; x_wconf 89' lang='lat' dir='ltr'>datur</span> <span class='ocrx_word' id='word_1_277' title='bbox 1611 2006 1658 2046; x_wconf 86' lang='lat' dir='ltr'>ad</span> <span class='ocrx_word' id='word_1_278' title='bbox 1693 2019 1812 2061; x_wconf 81' lang='lat' dir='ltr'>quam</span> 
     </span>
     <span class='ocr_line' id='line_1_31' title="bbox 478 2068 1815 2126; baseline 0.001 -17"><span class='ocrx_word' id='word_1_279' title='bbox 478 2068 571 2110; x_wconf 84' lang='lat' dir='ltr'>libet</span> <span class='ocrx_word' id='word_1_280' title='bbox 601 2068 915 2113; x_wconf 70' lang='lat' dir='ltr'>obseruationem</span> <span class='ocrx_word' id='word_1_281' title='bbox 946 2069 1106 2126; x_wconf 76' lang='lat' dir='ltr'>phaleos</span> <span class='ocrx_word' id='word_1_282' title='bbox 1138 2069 1312 2112; x_wconf 86' lang='lat' dir='ltr'>distantia</span> <span class='ocrx_word' id='word_1_283' title='bbox 1342 2080 1563 2111; x_wconf 84' lang='lat' dir='ltr'>centtorum</span> <span class='ocrx_word' id='word_1_284' title='bbox 1604 2069 1737 2114; x_wconf 84' lang='lat' dir='ltr'>Lunae</span> <span class='ocrx_word' id='word_1_285' title='bbox 1769 2079 1815 2111; x_wconf 83' lang='lat' dir='ltr'>et.</span> 
     </span>
    </p>

    <p class='ocr_par' dir='ltr' id='par_1_4' title="bbox 1715 2146 1811 2176">
     <span class='ocr_line' id='line_1_32' title="bbox 1715 2146 1811 2176; baseline 0 0"><span class='ocrx_word' id='word_1_286' title='bbox 1715 2146 1811 2176; x_wconf 74' lang='lat' dir='ltr'>vm·</span> 
     </span>
    </p>
   </div>
  </div>
 </body>
</html>
