1971 2700
523 184 616 226 206
704 180 787 226 DE
821 174 1190 227 BAROMETRO
1211 212 1224 235 ,
1257 175 1432 225 CVWS
1463 178 1649 228 SCALA

633 295 680 353 6)
712 297 776 338 Ad
811 310 945 339 manus
977 297 1019 338 sit
1052 308 1118 337 vas
1148 296 1297 352 aliquod
1330 306 1369 338 et
1401 296 1602 337 collecetur
1634 295 1696 339 sub
1735 298 1841 342 orifi-

519 362 581 404 cio
611 361 678 414 H,
715 362 815 416 quod
848 363 1060 416 aperiatur,
1095 370 1132 399 et
1166 361 1272 402 simul
1307 360 1341 402 L
1375 372 1413 401 et
1446 360 1648 401 descendet
1690 374 1837 406 mercu-

518 426 592 466 rius
627 427 665 466 in
698 424 732 465 B
751 427 788 466 Α
809 425 846 464 H
880 425 927 464 ad
960 423 1199 464 altitudinem
1234 425 1530 467 barometricam
1563 434 1602 465 et
1634 424 1764 467 effluet
1788 439 1839 470 ex

518 488 557 529 H
574 521 585 539 ,
622 489 812 529 mercurio
842 488 880 529 iu
914 486 1002 528 vase
1032 485 1067 527 B
1084 486 1121 528 E
1154 486 1268 544 vsque
1298 490 1344 531 ad
1378 488 1615 545 superficiem
1642 501 1672 543 g
1692 488 1721 531 h
1759 489 1840 534 sub-

517 551 669 592 sidente.

634 614 679 671 7)
713 615 804 658 Hoc
837 614 938 657 ίῑιᾶο
978 625 1130 658 notetur
1158 625 1311 672 ternpus
1343 628 1382 658 et
1413 617 1497 659 vase
1531 616 1574 659 N
1589 617 1630 659 O
1665 618 1842 660 mercuri·

519 692 560 721 us
602 679 739 722 eiectus
787 681 995 734 excipiatur
1014 714 1025 733 ‚
1068 683 1132 736 qui
1183 693 1373 737 perpetuo
1422 682 1606 723 celeritate
1653 681 1841 725 altitudini

515 744 787 787 barometricae
819 744 1042 786 coniunctae
1073 758 1161 786 cum
1197 747 1394 807 altitudine
1443 743 1481 787 G
1501 744 1536 786 C
1571 746 1698 787 debita
1749 746 1840 787 fluet

514 808 554 848 in
585 820 748 850 vacuum
788 808 1020 850 Barometri.
1086 802 1277 852 Altitudo
1305 812 1408 852 enim
1442 807 1533 851 GC
1585 809 1733 864 semper
1780 821 1842 850 m-

512 871 608 913 dem
643 871 827 926 seruatur,
877 874 969 913 dum
1002 885 1045 913 ea
1079 885 1215 927 parum
1265 884 1407 915 mutata
1457 873 1650 915 orificium
1702 873 1843 914 canalis

512 934 607 978 EG
658 936 846 991 separetur
879 950 899 977 a
931 935 1124 988 superficie
1153 935 1232 989 gh
1265 947 1305 978 et
1337 939 1422 978 hinc
1456 941 1521 979 ae‘r
1568 937 1741 978 subintret
1773 948 1843 978 vas

512 999 612 1041 ED
632 1000 662 1041 F
696 1011 736 1041 et
769 1000 987 1055 portionem
1023 1001 1203 1040 mercurii
1236 1013 1288 1041 ex
1320 1002 1385 1041 illo
1417 1002 1613 1055 expellat,
1646 1012 1690 1042 vt
1718 1001 1841 1042 altitu-

512 1063 564 1104 do
595 1061 631 1104 C
649 1061 688 1105 G
721 1064 947 1105 restituatur.

635 1131 678 1176 8)
714 1128 801 1168 Post
831 1128 1072 1181 quadrantem
1109 1127 1226 1168 horae
1260 1128 1466 1182 inquiratur
1486 1129 1522 1169 in
1543 1127 1692 1182 pondus
1727 1140 1839 1170 mer-

504 1190 605 1231 curii
638 1190 747 1231 eiecti
766 1223 778 1243 ,
812 1192 883 1230 erit
913 1192 1134 1244 quadratum
1169 1193 1380 1243 quantitatis
1412 1193 1555 1244 elapfiic
1587 1191 1645 1245 (ξ.
1669 1197 1765 1244 22.)
1792 1193 1840 1234 ad

512 1254 739 1308 quadratum
790 1253 1000 1308 quantitatis
1049 1253 1114 1294 hic
1149 1252 1290 1294 eiectae
1311 1286 1322 1305 ‚
1376 1264 1419 1293 vt
1450 1255 1609 1294 altitudo
1661 1255 1841 1297 mercurii

513 1319 562 1367 (§
592 1320 691 1374 22.)
712 1350 723 1370 ‚
758 1319 803 1358 ad
839 1317 1080 1357 altitudinem
1115 1330 1136 1357 a
1170 1329 1241 1369 qua
1273 1317 1456 1369 quantitas
1488 1316 1608 1369 elapsa
1652 1317 1838 1369 posterior

514 1382 664 1435 pendet.
732 1379 772 1421 Si
807 1391 906 1420 nunc
941 1379 1101 1419 altitudo
1131 1376 1170 1419 G
1190 1377 1224 1419 C
1257 1378 1484 1420 subtrahatur
1515 1380 1561 1420 ab
1593 1378 1664 1419 hac
1707 1381 1839 1420 inuen-

511 1456 551 1486 ta
572 1477 582 1496 ‚
618 1445 824 1485 inuenietur
857 1443 1014 1484 altitudo
1047 1443 1299 1484 barometrica
1323 1477 1334 1497 ,
1365 1443 1391 1485 si
1424 1455 1566 1499 nempe
1600 1441 1736 1497 pressio
1771 1445 1836 1484 ae‘-

511 1511 560 1550 ris
589 1521 669 1550 nou
700 1517 847 1550 mutata
879 1506 946 1548 fuit
979 1507 1133 1549 interca.

627 1605 663 1653 §.
690 1603 762 1660 25)
795 1605 959 1661 Quando
992 1605 1096 1645 idem
1129 1603 1444 1658 experimentum
1480 1604 1617 1645 eodem
1654 1613 1834 1658 apparatu

510 1669 690 1721 repetitur
724 1671 761 1708 in
794 1670 916 1710 altiori
951 1670 1037 1709 loco
1057 1701 1067 1720 ,
1100 1681 1134 1708 e.
1167 1682 1204 1722 g.
1241 1667 1416 1709 altissimo
1451 1680 1584 1708 monte
1623 1669 1685 1709 vel
1713 1668 1835 1719 turri,

508 1731 716 1772 inuenietur
748 1733 880 1774 eadem
919 1735 1066 1774 ratione
1115 1733 1298 1786 qimntitas
1347 1732 1467 1787 clapla
1500 1734 1537 1773 in
1571 1732 1696 1774 altiori
1746 1733 1834 1773 loco

507 1794 773 1850 conloquenter
804 1796 961 1839 altitudo
992 1798 1254 1838 barometrica.

624 1886 660 1933 §.
685 1895 756 1930 26.
793 1890 1025 1947 Supponitur
1076 1901 1251 1946 tempore
1287 1891 1540 1946 experimenti
1591 1888 1827 1930 altitudinem

509 1953 799 1996 baromctricam
836 1958 1000 1998 candem
1024 1968 1193 1996 manere.
1228 1954 1300 1995 Sed
1323 1954 1535 1994 verosimile
1554 1952 1608 1992 est
1628 1985 1638 2003 ,
1666 1953 1690 1993 si
1709 1954 1827 1992 etiam

508 2017 660 2066 variet,
698 2019 940 2060 nihilominus
973 2021 1033 2059 tali
1064 2028 1243 2071 apparatu
1276 2018 1446 2056 mediam
1488 2017 1697 2056 baromctii
1747 2015 1828 2055 alti-

506 2082 673 2120 tudinem
709 2084 855 2121 inueniri
894 2083 1007 2136 posse.
1072 2080 1179 2119 Licet
1211 2080 1316 2118 enim
1351 2080 1504 2120 altitudo
1538 2080 1745 2120 barometri
1787 2079 1826 2118 in

505 2140 543 2183 Β
562 2145 599 2184 Α
633 2146 747 2186 ctiam
784 2157 977 2198 mutetur,
1009 2154 1046 2185 ct
1078 2144 1128 2184 ob
1165 2143 1260 2183 hanc
1295 2156 1378 2184 rem
1414 2143 1587 2185 machina
1609 2144 1732 2185 nostra
1759 2141 1824 2182 ad-

1708 2206 1822 2263 plica-
