1971 2700
541 191 626 248 ίῳ,
705 185 792 240 DE
821 191 1220 249 ΒΑκοΜΕτκο,
1251 190 1422 239 cums
1461 192 1649 242 SCALA

535 323 571 353 m
591 344 601 363 ,
644 310 899 354 voluminibus
939 311 1008 353 sec.
1066 309 1270 353 sommi-im
1307 308 1433 367 (59)
1473 309 1626 353 allatam
1665 314 1829 357 definitis
1849 347 1861 367 ,

535 388 609 431 pro
640 377 805 430 qualibet
836 376 1018 430 pressione
1053 386 1196 416 mutata
1217 410 1229 428 ,
1262 377 1428 430 potentia
1465 376 1501 415 in
1539 374 1577 419 G
1605 377 1855 435 adplicuuda3

534 441 594 481 vel
630 441 797 494 potentia
834 453 885 480 ex
923 438 1207 494 potenti:1inG
1230 442 1411 496 adplicati
1434 439 1660 482 subducenda
1699 443 1853 485 inueniri

533 505 683 557 poterit.
721 500 864 544 Contra
898 507 1063 558 potentin
1096 506 1130 546 in
1151 503 1188 546 G
1208 506 1421 559 :xdplimndzi
1453 507 1584 546 velex
1623 508 1792 561 potentin
1813 508 1851 548 in

533 563 571 607 G
634 567 819 623 adplicata
888 568 1127 611 subtmlicnda
1191 572 1343 624 cognitu
1371 604 1381 622 ,
1442 571 1640 613 volumina
1707 566 1856 612 innote-

533 629 646 674 scent.

531 739 896 804 Construfflo
940 743 1108 805 librae
1152 744 1570 806 Barometricae
1620 746 1848 828 primae.

641 864 682 912 .§.
710 876 778 915 ις.
799 865 882 908 Fiat
917 866 960 922 1)
992 867 1079 909 cista
1112 867 1287 922 plumbea
1323 869 1678 924 parallelepipcdalis
1695 868 1859 924 etligno

527 927 691 971 obdue‘ta
726 930 770 973 N
788 931 829 974 O
849 932 876 973 Ρ
896 931 948 988 Ω
969 932 1209 986 longitudinis
1227 935 1343 975 trium
1378 938 1521 989 pedum
1551 943 1588 974 ct
1620 943 1778 987 quatuor
1799 935 1856 976 di-

525 1002 696 1048 gitorum
715 1026 728 1047 ,
777 995 983 1038 latitudinis
1033 1002 1171 1038 decem
1221 997 1429 1052 digitorum
1479 1010 1518 1039 et
1557 998 1762 1039 altitudinis
1798 1010 1854 1039 20

527 1056 753 1112 digitorum.

913 1122 956 1179 2)
989 1123 1075 1167 Sint
1107 1123 1268 1167 sciffiirae
1301 1125 1498 1167 vertit-ales
1530 1126 1625 1167 duos
1642 1126 1782 1180 digitos
1801 1126 1857 1168 la·

527 1192 587 1226 me
617 1184 668 1229 ab
699 1194 856 1241 Vtraque
899 1198 1004 1242 pane
1034 1188 1147 1229 cistae
1181 1189 1222 1229 in
1263 1189 1378 1230 latere
1396 1191 1436 1231 N
1458 1190 1499 1232 Ο
1519 1190 1611 1245 ΡΩ
1635 1201 1675 1230 et
1701 1190 1858 1243 opposi-

525 1256 572 1290 to
600 1249 639 1291 iu
670 1250 841 1292 difflntia
867 1254 975 1293 vuius
1004 1252 1113 1307 digiti
1148 1265 1170 1293 a
1204 1253 1347 1306 pariete
1378 1253 1487 1294 cistae
1518 1253 1558 1295 N
1578 1253 1652 1302 Ο,
1690 1265 1783 1307 quae
1801 1254 1857 1296 la-

526 1313 642 1354 minis
688 1315 818 1356 vitreis
865 1315 1014 1368 crassis,
1080 1316 1297 1357 muniantur
1318 1349 1331 1368 ,
1379 1327 1425 1357 vt
1470 1329 1540 1371 pet
1589 1329 1651 1357 ms
1701 1318 1742 1356 in
1792 1329 1857 1358 ca-

525 1377 685 1419 vitatem
717 1378 827 1420 cistae
860 1379 1101 1433 introspicere
1135 1379 1257 1420 lice-at.
1326 1380 1411 1421 fiat

911 1452 956 1510 3)
990 1453 1349 1510 Parallelepipedum
1368 1454 1642 1496 aurichalceum
1662 1453 1693 1494 F
1713 1453 1751 1495 H
1771 1454 1856 1496 lon-

525 1516 700 1571 gitudinis
731 1519 847 1560 trium
900 1519 1046 1574 pedum
1081 1529 1120 1559 et
1153 1520 1268 1561 trium
1319 1520 1540 1573 digitorum.
1626 1517 1684 1559 Sit
1736 1518 1857 1560 hocce
1927 1555 1936 1563 .

523 1581 885 1637 parallelepipedum
935 1595 1072 1624 cauum
1103 1593 1144 1624 et
1181 1583 1419 1638 vndiquaque
1467 1582 1629 1624 clausum
1681 1582 1853 1625 eiusdem

522 1644 644 1686 fenne
675 1658 766 1687 cum
799 1659 893 1701 aqua
925 1647 1118 1702 grauitatis
1150 1646 1357 1701 specificae.
1438 1647 1563 1702 Prope
1594 1646 1628 1688 K
1663 1647 1753 1687 axin
1787 1647 1853 1690 fit·

525 1720 636 1750 mum
672 1709 837 1763 habeat,
866 1711 930 1766 qui
965 1711 1052 1752 vast:
1084 1710 1125 1753 N
1145 1712 1185 1753 0
1206 1711 1299 1769 ΡΩ
1326 1724 1377 1753 ex
1411 1723 1561 1766 vtraque
1602 1721 1709 1765 parte
1757 1724 1853 1754 con-

524 1774 688 1814 venienti
722 1776 868 1816 mtione
899 1777 938 1816 in
972 1775 1040 1817 situ
1070 1789 1160 1817 cum
1195 1776 1309 1817 fundo
1360 1775 1453 1817 vasis
1488 1776 1525 1818 Ν
1549 1776 1589 1817 O
1610 1776 1703 1832 PQ
1724 1785 1763 1816 et
1795 1776 1851 1817 la-

522 1845 601 1878 tere
631 1838 802 1881 eiusdem
835 1840 878 1882 N
897 1839 938 1882 Ο
971 1839 1150 1895 parallelo
1182 1839 1293 1882 fultus
1319 1850 1358 1882 et
1391 1840 1547 1882 mobilis
1577 1841 1649 1892 sit,
1684 1841 1735 1880 ita
1754 1871 1766 1890 ,
1808 1848 1851 1880 vt

522 1902 824 1958 pamuelepipedi
854 1902 1065 1960 superficies
1093 1903 1258 1959 superior
1275 1938 1288 1958 ,
1319 1918 1415 1959 quae
1449 1904 1583 1946 exacte
1634 1901 1740 1955 plana
1775 1903 1848 1944 esst

522 1964 635 2006 debet
653 1999 664 2017 ,
699 1967 816 2009 fundo
863 1969 957 2011 vasis
988 1968 1165 2024 pannucia
1196 1967 1277 2009 fieri
1330 1967 1438 2021 possit
1456 1999 1467 2020 ‚
1501 1966 1526 2007 fi
1563 1966 1849 2022 parallelepipe-

522 2027 613 2070 dum
649 2031 695 2071 ad
728 2043 873 2075 certam
906 2032 1146 2074 altimdinem
1180 2031 1360 2071 eleuemr.

902 2110 951 2159 4)
984 2106 1096 2148 Fiant
1127 2104 1449 2161 pamnelcpipcdo
1503 2106 1534 2147 F
1553 2105 1592 2147 H
1612 2102 1666 2148 Ἰη
1701 2106 1768 2149 fitu
1798 2108 1846 2150 ad

522 2166 678 2212 fimdum
705 2168 796 2213 vasis
834 2169 876 2215 N
895 2169 937 2212 Ο
954 2170 1050 2229 ΡΩ
1093 2168 1270 2227 panllclo
1300 2179 1452 2212 retento
1498 2171 1538 2212 in
1569 2172 1711 2227 pariete
1741 2171 1791 2227 Ω
1816 2172 1845 2213 Ρ

1717 2236 1846 2278 obices
