1971 2700
509 242 606 300 '354'
869 243 952 287 DE
982 242 1192 287 BESTIIS
1227 234 1494 286 MARI'Nrs.

505 365 650 403 tinente
683 361 840 411 viuunt,
877 359 966 400 hacc
1002 371 1058 400 res
1091 371 1156 400 me
1190 357 1311 412 magis
1329 353 1602 407 confirmabat,
1628 363 1679 397 -vt
1695 355 1835 405 anund

511 425 589 470 hoc
623 425 708 466 vrso
740 425 775 464 se
809 434 937 464 natura
972 421 1234 463 assimilantem
1269 421 1391 462 vrsum
1426 431 1619 461 vocarem.

626 487 886 529 Concubitum
921 496 1104 526 exercent
1138 498 1247 527 more
1277 485 1486 526 homiuum
1517 485 1567 524 ita
1600 494 1646 526 vt
1678 497 1760 526 mas
1778 485 1837 528 in·

511 552 627 595 cubus
660 550 838 592 foemena
872 547 1027 592 succuba
1057 550 1102 591 s1t
1119 583 1130 602 ,
1161 551 1362 604 praecipue
1392 559 1519 590 autem
1563 549 1659 590 circa
1711 548 1838 604 vespe-

512 628 596 659 ram
631 615 798 656 venereis
831 615 1018 655 exercitiis
1036 614 1197 655 inhiant:
1225 614 1360 655 horam
1386 615 1503 654 'autea
1524 622 1603 652 tam
1625 625 1706 655 mas
1723 622 1838 667 quam

513 679 692 723 foemella
725 680 762 719 in
794 691 901 720 mare
933 677 967 719 se
999 679 1215 733 recipitmt,
1249 690 1323 719 vna
1356 677 1505 732 placide
1540 687 1699 729 natant,
1749 676 1840 718 dein

511 756 588 786 vna
622 753 872 794 reuertuntur,
891 742 1069 784 foemella
1103 742 1231 797 supina
1264 743 1302 784 in
1334 741 1445 782 dorso
1480 743 1598 793 iacet,
1634 753 1716 782 mas
1747 751 1842 782 vero

515 823 537 850 e
571 810 668 849 mari
703 807 913 861 superuenit
933 839 944 859 ‚
979 806 1225 849 anterioribus
1258 805 1413 861 pedibus
1445 806 1622 858 innixus,
1667 806 1843 846 maximo

513 872 659 915 feruore.
692 873 886 913 libidinem
920 880 1104 922 exercet,
1146 880 1186 911 et
1219 869 1282 911 sub
1316 870 1392 911 hoc
1426 869 1502 910 lusu
1534 869 1754 911 foemellam
1790 870 1842 910 ita

517 937 664 992 premit
696 946 735 975 ct
772 935 942 988 pondere
977 933 1040 975 sno
1073 935 1112 974 in
1147 946 1302 974 arenam
1336 934 1525 988 demergit
1546 968 1557 987 ,
1588 943 1631 974 vt
1663 933 1758 974 nihil
1779 932 1845 975 nisi

514 1011 626 1054 caput
659 1001 825 1039 emineat
845 1032 857 1050 ,
891 997 967 1052 ipse
1001 1010 1096 1038 vero
1132 998 1287 1051 pedibus
1319 999 1562 1039 anterioribus
1595 997 1692 1038 adeo
1710 998 1747 1038 in
1766 1007 1846 1038 are-

515 1078 607 1106 nam
641 1063 828 1104 descendit
848 1096 859 1115 ‚
892 1073 935 1102 vt
970 1062 1125 1102 tandem
1163 1070 1249 1102 toto
1281 1072 1413 1102 ventre
1445 1061 1662 1102 foemellam
1697 1070 1849 1116 premat

517 1139 555 1168 et
588 1128 798 1179 contingat.
863 1125 1014 1166 Locum
1048 1126 1194 1178 eligunt
1227 1123 1348 1180 ipsum
1384 1125 1470 1167 litus
1508 1123 1704 1166 arenosum
1727 1158 1738 1178 ,
1777 1137 1850 1181 qua

516 1191 626 1232 vndis
657 1189 825 1230 hucdum
860 1189 1010 1229 alluitur
1030 1221 1040 1240 ,
1075 1190 1172 1228 adeo
1207 1189 1337 1228 intenti
1372 1201 1411 1229 et
1443 1189 1615 1230 obliuiofi
1651 1188 1701 1230 sui
1736 1189 1850 1244 ipsius

515 1256 594 1296 sunt
613 1287 623 1305 ,
661 1264 702 1293 vt
737 1251 934 1306 plusquam
971 1264 1038 1306 per
1070 1251 1315 1305 quadrantem
1351 1252 1469 1292 horae
1505 1251 1680 1293 (cort-anti
1731 1253 1848 1295 adsta-

517 1329 600 1360 rem
623 1349 634 1368 ,
669 1326 869 1369 antequam
903 1328 967 1355 me
1000 1314 1215 1355 obseruaret
1235 1348 1246 1366 ,
1279 1327 1348 1355 nec
1381 1315 1597 1356 obseruass‘ct
1617 1347 1628 1367 ‚
1661 1316 1726 1357 nisi
1766 1329 1850 1358 ma-

518 1394 568 1424 nu
603 1379 812 1434 colaphum
847 1377 1120 1432 impegiss‘em,
1163 1389 1214 1417 cx
1248 1389 1324 1432 qio
1365 1379 1462 1418 adeo
1511 1380 1623 1418 iratus
1672 1381 1850 1421 maximo

518 1443 673 1487 fremitu
708 1456 771 1484 me
805 1441 976 1484 laceffiuit
998 1476 1008 1495 ,
1042 1451 1086 1482 vt
1119 1453 1229 1496 aegre
1264 1453 1331 1481 me
1365 1439 1586 1496 surriperem
1608 1473 1619 1491 ,
1661 1439 1724 1482 ille
1757 1453 1853 1483 vero

519 1503 770 1551 nihilominus
823 1520 889 1549 me
939 1507 1092 1548 eminus
1139 1505 1290 1546 vidente
1310 1539 1320 1557 ,
1371 1507 1470 1560 quod
1526 1515 1735 1559 coeperat,
1787 1505 1856 1548 ab·

520 1571 628 1615 soluit
663 1584 759 1626 opus
795 1584 862 1625 pcr
894 1572 1057 1625 integrm
1099 1571 1344 1624 quadrantem
1396 1570 1526 1611 horae.
1850 1559 1857 1564 ’

637 1636 853 1690 Triplicem
891 1635 983 1676 haec
1016 1635 1190 1675 animalia
1211 1647 1346 1674 vocem
1383 1634 1510 1674 edunt.
1547 1631 1660 1675 Dum
1687 1634 1733 1676 ad
1753 1643 1852 1678 tem·

519 1712 590 1757 pus
622 1699 824 1740 fallendum
862 1701 897 1739 iu
934 1699 1149 1740 continente
1186 1699 1345 1738 iacentes
1364 1697 1531 1739 clamant
1551 1731 1561 1750 ,
1595 1710 1679 1738 vox
1697 1712 1716 1739 a
1737 1699 1852 1742 boatu

520 1777 722 1807 vaccarum
758 1762 947 1816 adempta
980 1763 1105 1802 titulis
1139 1762 1232 1803 nihil
1262 1762 1422 1817 differt3
1466 1763 1502 1802 iu
1537 1762 1744 1803 certamine
1783 1763 1856 1805 fre-

523 1838 634 1871 munt
667 1839 703 1869 et
738 1829 899 1869 barriunt
936 1828 1042 1868 instar
1076 1827 1178 1877 vrsi,
1221 1826 1374 1868 obtenta
1432 1825 1594 1867 victoria
1653 1825 1851 1870 stridorem

523 1894 629 1935 valde
667 1892 842 1933 fimorum
879 1903 920 1932 ac
956 1890 1093 1944 sit-pius
1128 1891 1335 1944 repetitum
1379 1890 1456 1931 edit
1499 1890 1610 1932 instar
1635 1891 1850 1943 gryllorum

524 1957 824 1997 domesticorum
849 1989 858 2007 ,
891 1956 1098 1996 vulneratus
1133 1963 1173 1995 et
1206 1954 1253 1995 ab
1285 1952 1446 1995 inimicis
1485 1952 1676 2007 oppressus
1726 1956 1850 1997 valide

525 2019 732 2072 ingemiscit
768 2022 840 2060 cati
876 2031 936 2060 aut
972 2020 1086 2059 lutiae
1121 2015 1290 2058 marinae
1324 2016 1432 2057 instar
1463 2017 1593 2058 sibilat.

645 2082 754 2122 Dum
799 2096 820 2121 e
857 2080 950 2122 mari
1002 2089 1141 2121 exeunt
1191 2080 1358 2134 quatiunt
1390 2092 1556 2135 corpus,
1605 2094 1648 2123 ac
1692 2082 1857 2138 pinnatis

529 2146 793 2204 posterioribus
829 2147 979 2194 pedibus
1013 2143 1143 2197 pestus
1173 2144 1386 2186 demulcent
1418 2145 1570 2199 etpilos
1593 2158 1849 2202 componunt.

526 2207 712 2255 Malculus
745 2211 840 2252 labia
874 2219 1046 2253 extrema
1077 2210 1235 2268 apponit
1268 2209 1374 2254 labiis
1392 2208 1592 2254 socmcllae
1608 2244 1622 2266 ,
1641 2212 1730 2256 acfi
1747 2211 1850 2254 ostu-
