1971 2700
490 194 578 243 336
823 188 906 232 DE
937 184 1159 231 BESTIIS
1192 180 1462 231 MARINIS.

603 303 722 346 Pedes
751 304 958 345 anteriores
989 315 1066 343 non
1100 311 1145 342 vt
1180 302 1218 341 in
1255 300 1381 355 phoca
1416 297 1477 340 sub
1511 306 1597 340 cute
1635 298 1781 344 latitant
1799 336 1811 357 ,

484 381 622 411 verum
659 370 800 423 integre
820 401 832 421 ,
865 378 909 407 vt
943 369 981 407 in
1015 366 1312 421 quadrupedibus
1343 363 1561 405 exseruntur
1600 371 1639 403 et
1669 374 1814 408 extrot.

484 434 565 475 firm
601 443 808 487 apparent,
843 431 928 484 pilis
957 440 1164 484 teguntur,
1201 443 1355 484 carpus,
1394 439 1633 481 mctacarpns
1649 437 1688 468 et
1719 428 1812 482 digi.

482 499 513 538 ti
551 498 634 550 pilis
666 496 772 547 orbi,
803 505 888 535 cute
920 495 1022 547 nigrai
1058 504 1257 548 teguntur,
1290 492 1447 549 superne
1478 493 1636 548 glabra,
1670 491 1815 537 inferne

486 560 590 601 sulcis
622 571 665 600 ac
700 561 797 613 rugis
830 568 872 598 vt
907 559 995 598 vola
1025 571 1158 600 manus
1189 556 1323 611 inciiit,
1355 560 1468 612 inque
1503 569 1622 597 vnam
1656 555 1817 599 mass-im

485 624 613 665 coaliti
642 624 824 677 spatulam
860 621 1024 663 referunt
1059 625 1120 663 vel
1158 635 1375 664 vomerem.
1460 619 1606 676 Carpus
1644 630 1689 670 7.
1724 632 1815 661 con-

485 688 554 729 stat
586 687 744 729 officulis
765 720 776 740 ,
810 686 946 728 offium
979 686 1062 728 tarsi
1097 687 1253 728 humani
1290 687 1405 742 figura
1425 721 1436 740 ,
1477 687 1554 727 offa
1602 685 1818 741 metacarpi

484 762 599 808 atque
630 752 837 806 digitorum
871 751 963 792 nihil
998 763 1087 792 vere
1116 765 1138 792 a
1171 753 1327 792 naturali
1360 753 1443 806 lege
1477 753 1663 792 aberrant.

606 816 733 870 Digiti
771 829 812 866 5.
845 816 1056 867 habentur,
1089 817 1224 870 pollex
1258 817 1373 857 tribus
1400 816 1513 857 oiseis
1539 814 1699 856 articulis
1722 825 1818 855 con-

483 880 554 922 stat
593 893 636 922 ac
669 881 844 934 epiphyli
894 880 1134 933 cartilaginea
1183 880 1327 930 molli,
1376 892 1420 922 vt
1466 880 1598 933 reliqui
1652 889 1819 932 omnes,

485 944 634 1000 reliquis
663 945 787 998 digitis
814 944 963 997 longior
994 944 1049 984 est
1068 975 1079 994 ,
1115 944 1249 984 caeteri
1286 943 1416 985 sensim
1449 945 1642 985 breuiores
1660 944 1741 998 pari
1757 953 1819 984 ra-

487 1009 594 1049 tione
625 1021 668 1049 ac
700 1009 833 1061 pollex
866 1008 1011 1061 pedum
1056 1007 1331 1048 humanorum.
1390 1007 1460 1050 Ob
1491 1010 1529 1049 id
1562 1019 1725 1063 propter
1757 1006 1820 1048 in-

481 1071 620 1113 cess‘um
654 1071 774 1113 solum
805 1070 974 1112 fibricati
1005 1073 1121 1125 pedes
1151 1073 1356 1113 anteriores
1395 1073 1586 1113 videntur.

605 1135 762 1188 Digitus
792 1135 888 1175 ndns
917 1135 1036 1175 tribus
1071 1137 1208 1188 pariter
1222 1136 1387 1177 articulis
1413 1148 1461 1177 ac
1500 1135 1617 1176 simili
1642 1134 1820 1191 epiphyfi

481 1196 719 1251 cartilaginea
752 1198 927 1250 constat,
959 1210 1096 1238 verum
1133 1199 1323 1239 tantillum
1353 1200 1509 1239 'breuior
1541 1199 1606 1240 est.

603 1260 726 1314 Digiti
760 1274 804 1312 3.
840 1271 881 1302 et
915 1276 959 1312 4.
993 1272 1149 1316 quatuor
1177 1262 1341 1301 articulis
1371 1260 1654 1315 suffulciuntur,
1681 1273 1821 1305 verum

486 1323 619 1366 tertius
653 1324 801 1364 breuior
830 1323 993 1365 secundo
1024 1334 1064 1363 et
1098 1335 1187 1375 4tus
1219 1325 1345 1364 tertio.

606 1386 762 1442 Digitus
793 1387 942 1442 quintus
970 1386 1118 1429 duobus
1148 1386 1274 1428 fiiltim
1306 1387 1471 1427 articulis
1495 1388 1652 1441 gaudet,
1683 1401 1730 1430 ac
1759 1402 1818 1432 re.

486 1451 596 1509 liquis
629 1451 807 1493 omnibus
838 1451 999 1492 breuior.

603 1516 784 1560 Exterius
822 1525 904 1557 tam
937 1515 978 1556 in
1012 1527 1156 1570 prona,
1198 1527 1313 1570 quam
1349 1514 1474 1569 supina
1506 1524 1611 1569 parte
1644 1516 1785 1570 pedum
1806 1549 1818 1570 ‚

487 1593 561 1624 nec
595 1581 711 1632 vola,
745 1591 816 1620 nec
848 1579 1050 1634 vestigium
1083 1579 1205 1620 vllum
1239 1579 1383 1620 articuli
1436 1588 1499 1619 aut
1542 1580 1651 1633 digiti
1699 1582 1821 1622 cuius-

487 1645 581 1688 dam
615 1643 872 1699 conspicitur,
905 1642 964 1685 led
997 1655 1073 1684 vna
1107 1643 1221 1685 maffii
1257 1654 1450 1698 vnumque
1485 1642 1642 1686 fluidum
1683 1657 1821 1700 corpus

490 1711 666 1761 videtur,
701 1707 919 1749 structuram
959 1717 1088 1749 autem
1139 1708 1328 1749 internam
1362 1707 1440 1748 duo
1491 1707 1612 1748 liiltim
1665 1708 1821 1752 obscura

487 1774 620 1817 indicia
655 1773 845 1827 produnt:
878 1784 968 1812 nam
1002 1772 1039 1812 in
1072 1772 1249 1812 exteriori
1283 1772 1407 1827 glabra
1443 1783 1549 1826 parte
1571 1774 1674 1826 pedis
1692 1774 1820 1827 regio-
1863 1791 1866 1797 ¹

489 1838 531 1879 ni
564 1836 801 1879 articulorum
833 1837 1071 1877 extimorum
1105 1836 1336 1890 digitorum,
1370 1835 1438 1876 vbi
1473 1835 1674 1890 epipliyles
1705 1838 1822 1879 curti-

490 1901 658 1957 lagineae
691 1902 906 1955 iunguntur,
934 1899 1124 1955 vnguiculi
1160 1899 1358 1941 tenuiffimi
1392 1909 1430 1941 et
1465 1899 1722 1950 minutissimi,
1758 1901 1821 1944 vel

490 1967 619 2019 potius
651 1966 866 2006 rudimenta
901 1966 1190 2019 vnguiculorum
1224 1974 1454 2014 cernuntur,
1488 1976 1580 2017 quos
1598 1975 1723 2005 natura
1743 1978 1818 2020 po.

493 2028 564 2070 tius
597 2041 644 2069 ne
679 2030 764 2081 quid
801 2029 912 2079 desit,
945 2042 1059 2081 quam
1094 2029 1195 2082 quod
1231 2027 1394 2080 prosint,
1427 2026 1599 2067 addidisse
1632 2029 1815 2086 videtur;

491 2089 568 2131 hoc
603 2091 708 2130 enim
743 2101 850 2130 certo
885 2091 961 2130 scio
994 2091 1125 2130 nullius
1159 2089 1238 2129 vsus
1273 2100 1310 2128 ct
1341 2090 1594 2132 emolumenti
1627 2090 1730 2134 csse:
1759 2093 1815 2135 al·-

491 2164 617 2197 terum
667 2155 847 2196 indicium
881 2154 934 2194 cst
953 2187 963 2207 ,
1014 2154 1116 2208 quod
1150 2153 1434 2195 vomerisormis
1481 2157 1587 2210 pedis
1635 2157 1816 2212 posterior

1678 2232 1815 2274 margo
