1971 2700
1076 169 1237 227 (2⁸)

474 291 696 334 membrana
728 289 983 332 musculorum
1016 289 1233 331 communis
1263 302 1283 330 a
1313 288 1519 342 panniculo
1548 288 1704 331 carnoso
1735 303 1799 333 or-

473 366 559 399 tum
599 356 765 407 habeat,
811 354 942 396 falsum
975 352 1053 396 esse
1085 353 1242 394 euincit.
1308 352 1488 393 Tnud.m
1523 353 1569 393 ad
1603 352 1797 397 historiam

475 433 631 462 morum
667 419 840 470 accedit,
872 430 961 460 ante
994 419 1127 460 omnia
1160 428 1291 458 autem
1326 417 1373 457 de
1407 416 1691 470 pulchritudine
1724 419 1802 460 {br-

475 497 563 526 mae
582 485 692 525 huius
717 483 877 535 bestiae,
911 483 961 523 de
995 483 1124 537 pretio
1149 492 1194 522 vt
1212 481 1368 523 austum
1387 492 1450 522 aut
1469 483 1720 522 imminutum
1740 481 1802 535 fit,

474 559 515 590 et
545 545 663 603 quam
698 548 752 588 ob
781 545 930 587 caufixm
969 555 1124 598 narrat,
1162 555 1245 586 tum
1278 546 1410 600 quibus
1443 546 1568 586 modis
1597 557 1637 585 et
1670 547 1801 600 quibus

475 612 713 666 temporibus
760 612 962 665 capiatur,
1011 610 1176 664 denique
1225 608 1397 649 astutiam
1448 610 1554 662 eius,
1591 620 1760 651 natatum
1783 636 1796 660 ‚

471 675 749 726 concubitum,
783 687 963 715 amorem
997 686 1083 728 erga
1116 672 1267 728 prolem
1302 673 1471 714 describit
1493 705 1506 723 ,
1537 675 1699 728 denique
1718 674 1799 728 qni·

476 740 543 781 bus
570 739 691 780 vslbu5
709 735 790 778 ossa
823 739 901 779 eius
929 748 969 779 et
1002 738 1114 793 pellis
1143 737 1416 791 adhibeantur,
1449 747 1492 778 vt
1526 748 1566 779 et
1597 739 1804 793 quomodo

475 812 765 857 praeparentur,
792 802 973 856 exponit.

776 989 1493 1051 ASTRONOMICA.

474 1140 523 1178 G.
556 1137 729 1177 HElNSll
762 1135 1069 1174 OBSERVATIO
1103 1132 1305 1172 ECLIPSIS
1347 1134 1511 1172 LVNAE
1553 1135 1803 1175 PARTIALIS

680 1190 712 1225 d.
741 1194 771 1226 8.
797 1187 913 1226 AVG.
935 1190 968 1223 st.
994 1201 1026 1223 n.
1058 1193 1163 1236 1748.
1198 1184 1375 1223 LlI’SlAE
1397 1184 1595 1223 HABITA.

573 1285 753 1327 bscruatio
792 1284 886 1326 haec
925 1284 1033 1326 caelo
1073 1283 1248 1325 maxime
1289 1282 1420 1323 sereno
1451 1283 1702 1324 mediantibus
1733 1282 1808 1324 ho-

602 1351 761 1404 rologiis
810 1349 1028 1391 oscillatoris
1077 1347 1288 1399 correctis,
1346 1360 1414 1402 per
1458 1347 1669 1388 altitudines
1719 1347 1804 1388 finis

473 1411 774 1467 respondentes,
809 1427 877 1468 per
905 1414 1177 1469 quadrantem,
1209 1424 1248 1451 1n
1280 1411 1524 1453 antecedenti
1560 1414 1636 1452 cius
1667 1410 1804 1452 differ-

471 1477 617 1519 tatioue
650 1478 882 1532 descriptum
903 1509 915 1530 ‚
957 1488 1110 1531 captas,
1146 1487 1187 1516 et
1219 1475 1372 1530 quidem
1405 1476 1548 1530 duplici
1575 1476 1696 1517 modo
1716 1488 1804 1530 per-

473 1540 556 1580 aeta
592 1542 689 1595 luit,
723 1544 865 1596 partim
908 1541 1127 1582 annotando
1159 1539 1330 1595 appulsus
1370 1541 1530 1581 vmbme
1570 1540 1618 1582 ad
1660 1540 1809 1594 praeci-

474 1616 566 1656 puas
609 1606 716 1647 lunae
758 1607 953 1658 maculas,
987 1606 1129 1659 partim
1165 1603 1385 1645 definiendo
1430 1604 1600 1658 phnsium
1634 1604 1802 1644 conditi-

475 1682 567 1708 ones
598 1683 675 1723 ope
708 1670 911 1710 machinae
952 1669 1212 1723 parallac‘ticae
1253 1669 1291 1709 in
1329 1668 1476 1709 obieru.
1514 1668 1600 1710 Ecl.
1635 1673 1688 1714 O.
1727 1679 1800 1718 25.

471 1729 530 1771 lul
561 1733 728 1774 eiusdem
772 1735 859 1774 :mni
902 1735 1118 1787 descriptae.

589 1797 862 1838 Immersiones
894 1809 931 1838 et
965 1797 1209 1838 Emcrfiones
1240 1797 1528 1851 praecipuarum
1564 1795 1802 1836 macularum

472 1871 549 1913 ope
583 1863 662 1902 tubi
696 1860 920 1915 Gregorinni
965 1861 1026 1901 sub
1057 1873 1108 1900 eo
1141 1871 1320 1914 appamtn
1353 1872 1434 1914 qno
1468 1859 1536 1899 iste
1565 1858 1715 1898 obiecta
1748 1857 1798 1898 se-

471 1924 637 1965 cundum
681 1926 910 1966 diametrum
959 1937 1029 1974 52.
1075 1925 1222 1965 vicibus
1260 1923 1477 1976 amplificat
1515 1920 1728 1960 obseruatae
1763 1922 1798 1970 §.

475 1999 514 2024 2.
551 1989 800 2027 recensentur.

589 2051 631 2091 ln
669 2051 900 2105 sequentibus
938 2061 976 2097 3.
1018 2063 1058 2099 4.
1101 2059 1138 2097 5.
1175 2052 1220 2088 6.
1256 2043 1294 2090 5.
1333 2046 1393 2088 Cl.
1439 2047 1591 2089 Auctor
1639 2050 1803 2102 exponit

472 2114 670 2168 posteriori
728 2116 852 2156 modo
927 2127 998 2167 per
1071 2113 1206 2153 tubum
1282 2112 1508 2165 tripedalem
1595 2113 1802 2154 machinae

468 2179 729 2233 parallaCticac
784 2190 894 2220 more
944 2176 1129 2219 consueto
1167 2175 1381 2217 obscuratos
1444 2175 1613 2231 appulsus
1661 2177 1801 2218 limbo-

1717 2254 1804 2283 rum
