1971 2700
396 186 658 238 ECLIPSES
688 189 767 236 LV
764 184 1026 237 MINARW
1025 191 1080 237 M
1086 189 1097 235 J
1335 191 1390 245 33
1402 196 1430 248 ᾗ

120 306 178 351 Ius
209 319 309 349 error
357 304 520 347 sensibilis
551 306 588 346 in
620 305 706 346 loco
739 303 869 346 Lunae
910 305 948 345 in
982 298 1096 346 coelis
1136 301 1223 346 inde
1273 307 1401 359 prodit
1418 341 1429 357 ,

122 373 382 425 consequenter
414 382 481 410 nec
514 370 552 409 in
584 369 659 409 aliis
690 368 895 409 corollariis
926 369 1012 408 inde
1047 369 1264 409 deducendis
1281 369 1431 422 prodire

126 435 278 490 potest3
309 434 416 486 idque
449 445 499 472 eo
531 434 653 472 minus
671 465 681 484 ‚
714 432 815 485 quod
848 444 991 472 errores
1021 431 1075 471 illi
1109 432 1182 472 loci
1224 431 1349 472 Lunae
1391 433 1429 473 in

127 498 239 539 coelis
269 497 462 548 omnium,
490 497 550 549 qui
584 495 654 535 effe
687 494 840 549 poffunt
860 528 870 546 ‚
903 495 1068 536 maximi
1105 502 1143 535 et
1176 504 1322 535 tantum
1353 506 1434 536 non

125 560 265 616 prorsus
296 559 531 613 impossibiles
562 557 654 598 sunt.
722 557 932 600 Coeterum
970 558 994 599 si
1026 570 1141 612 quem
1181 558 1276 598 forte
1325 570 1430 598 erro-

124 637 184 665 res
213 624 253 664 hi
287 623 479 664 sollicitum
512 630 664 662 teneant
695 622 743 662 de
777 633 871 662 vero
903 622 992 662 loco
1025 620 1155 661 Lunae
1181 621 1222 662 in
1240 621 1352 661 coelis
1371 621 1432 661 in-

128 687 313 727 veniendo
333 718 344 738 ,
378 696 415 726 et
448 686 667 725 certitudine
684 684 969 725 corollariorum
988 686 1076 724 inde
1094 685 1401 725 deducendorum
1421 717 1433 737 ,

127 752 156 790 is
188 752 335 791 inuenta
367 751 412 790 ad
464 758 613 802 tempus
661 748 927 788 obseruationis
978 746 1133 800 pli-aleos
1184 748 1437 787 declinatione

126 811 223 855 Solis
254 813 388 867 poterit
416 812 591 865 angulum
625 811 653 852 h
685 811 714 851 d
732 824 764 863 g
796 823 926 851 verum
961 810 1086 850 modo
1110 821 1229 862 nuper
1246 808 1431 862 descripto

119 877 333 930 inuestigare
355 907 365 926 ,
400 885 437 916 et
470 876 602 916 omnia
635 874 792 928 quaesita
821 871 999 928 eclipseos
1030 873 1171 914 exinde
1221 871 1431 916 deducenda

119 940 380 982 accuratiffima
411 941 489 982 iam
523 938 723 980 obtinebit.

239 1069 274 1116 §.
297 1072 338 1108 6.
374 1069 522 1110 Eodem
560 1069 679 1110 modo
712 1067 838 1121 phases
868 1067 1021 1110 vlterius
1052 1067 1286 1108 obseruentur
1318 1062 1430 1120 quotL

121 1139 216 1184 quot
245 1132 413 1182 libuerit,
448 1134 643 1184 dirigendo
683 1132 828 1183 semper
875 1132 1053 1183 capillum
1085 1142 1105 1170 ο
1133 1138 1162 1183 p
1196 1129 1242 1168 ad
1291 1140 1431 1168 cornua

119 1192 275 1246 phascos
293 1225 303 1243 ‚
337 1194 574 1245 appulsusque
607 1193 813 1232 limborum
849 1192 1015 1233 vmbrofi
1035 1191 1162 1232 Lunae
1193 1200 1232 1230 et
1252 1190 1428 1233 luminosi

119 1255 212 1296 Solis
252 1256 296 1294 ad
336 1255 427 1295 duos
476 1255 632 1307 capillos
681 1254 829 1294 seorsim
880 1256 1080 1306 notando,
1130 1255 1251 1294 donec
1303 1253 1431 1307 sagitta

117 1318 300 1370 segmenti
335 1317 499 1358 vmbrosi
532 1317 660 1357 Lunae
694 1318 733 1357 in
767 1317 855 1358 Sole
897 1318 1084 1371 conspicui
1125 1317 1315 1357 distantiae
1367 1329 1429 1357 ca-

118 1381 295 1434 pillorum
329 1388 389 1434 op
423 1390 460 1419 et
493 1392 556 1435 qr
589 1381 745 1433 aequalis
778 1382 939 1434 euadat,
973 1380 1037 1421 'vel
1070 1381 1195 1420 donec
1227 1380 1347 1433 phasis
1380 1381 1432 1420 ita

119 1454 336 1496 comparata
369 1444 479 1483 fuerit
498 1477 509 1496 ,
542 1454 586 1484 vt
617 1444 762 1484 directo
795 1445 931 1498 capillo
964 1453 1025 1499 op
1074 1445 1118 1484 ad
1151 1456 1287 1483 cornua
1339 1443 1431 1497 pha-

120 1504 198 1545 seos
231 1507 364 1547 limbus
398 1507 592 1547 vmbrosus
626 1507 754 1548 Lunae
786 1511 922 1549 eodem
955 1518 1129 1560 tempore
1162 1507 1339 1560 capillum
1359 1517 1385 1560 q
1410 1517 1434 1546 r

125 1569 307 1621 stringat·⁷
341 1571 442 1623 quod
473 1572 539 1611 vbi
575 1573 739 1612 euenerit
760 1601 771 1617 ,
805 1583 852 1611 eo
886 1572 965 1624 ipio
997 1579 1200 1611 momento
1231 1580 1432 1610 numeren-

123 1640 183 1670 tur
214 1632 448 1673 oscillationes
480 1634 668 1688 horologii
702 1635 837 1674 eodem
874 1644 917 1674 vt
949 1634 1050 1688 supra
1106 1634 1229 1673 modo
1249 1666 1260 1685 ‚
1309 1634 1432 1673 donec

128 1694 262 1735 limbus
295 1696 494 1736 luminosus
526 1696 622 1737 Solis
654 1698 808 1751 capillos
840 1698 905 1738 fibi
938 1697 1165 1751 proximos,
1196 1706 1283 1750 puta
1316 1695 1357 1736 li
1395 1703 1434 1736 et

129 1757 167 1797 A
189 1757 222 1796 E
255 1758 317 1797 vel
349 1759 440 1797 alios
468 1761 707 1798 commodius
736 1770 775 1798 et
806 1761 928 1800 Vtilius
968 1760 1214 1799 obtem-andos
1262 1761 1432 1811 attingat.

129 1820 192 1860 Ex
227 1821 456 1873 temporibus
488 1821 705 1873 appulsuum
739 1821 872 1862 horum
907 1823 1107 1862 inueniatur
1147 1831 1189 1861 vt
1237 1821 1341 1876 supra
1374 1821 1433 1861 di·

130 1883 254 1922 stantia
289 1883 394 1922 limbi
429 1883 604 1923 luminosi
637 1883 732 1925 Solis
765 1896 786 1923 a
818 1886 955 1939 capillo
989 1885 1054 1925 fibi
1086 1885 1269 1938 proximo
1318 1883 1361 1924 li
1393 1885 1432 1925 in

130 1946 265 1999 capillo
293 1943 332 1997 G
359 1944 391 1984 C
417 1958 608 1986 numerata
627 1981 637 1999 ,
671 1960 764 1999 quae
797 1949 843 1988 ad
876 1949 1086 1988 distantiam
1115 1948 1334 2000 capillorum
1370 1959 1389 1987 0
1407 1955 1434 2002 p

131 2019 168 2047 ct
202 2008 242 2048 li
272 2009 393 2048 addita
429 2011 563 2061 prodet
614 2020 760 2062 partem
807 2011 1030 2051 luminosam
1067 2010 1164 2051 Solis
1212 2011 1259 2050 ab
1309 2011 1435 2064 eclipsi

134 2071 286 2111 liberam
309 2104 319 2122 ,
353 2073 390 2110 in
424 2073 531 2111 initio
562 2073 828 2113 obseruationis
880 2076 1153 2126 obtinentcm3
1204 2087 1273 2127 qua
1323 2074 1406 2113 data
1426 2106 1435 2124 ‚

133 2133 254 2189 phasis
285 2136 396 2176 etiam
429 2134 532 2190 ipsit,
565 2148 603 2177 et
636 2136 775 2191 positio
807 2137 968 2181 chordae
1001 2137 1204 2179 deseniuae
1241 2138 1286 2177 ad
1338 2138 1438 2175 diur-

681 2198 701 2239 Ι
734 2201 747 2241 i
780 2201 791 2241 i
829 2214 854 2239 2
1126 2224 1129 2226 -
1331 2212 1424 2241 num
