1971 2700
528 220 612 265 138
651 208 927 276 [NQVISIT.
962 209 1037 257 IN
1074 208 1302 255 RATION.
1338 208 1740 258 PHAENOMENI
1767 222 1839 258 cet.

523 331 747 384 temperiem
780 328 876 369 a’e'ris
908 327 1012 368 citius
1045 327 1284 368 obtenturam
1307 358 1317 378 ,
1352 338 1462 380 quam
1500 326 1655 369 maffiun
1687 329 1843 370 minoris

526 393 744 449 superficiei.

645 457 689 511 3)
725 457 882 498 Duabus
914 455 1037 496 masiis
1071 456 1224 510 aqueis‚
1267 467 1384 509 aeque
1433 455 1590 507 calidis,
1639 457 1841 499 earundem

531 521 840 575 superficierum,
875 519 1001 559 eidem
1035 521 1113 560 ae'ri
1148 519 1328 573 frigidiori
1363 520 1423 559 vel
1442 520 1602 560 calidiori
1638 520 1846 574 expositis,

523 597 638 639 quam
691 582 789 637 ipsae
839 582 973 623 maffie
1024 595 1140 637 aquae
1173 583 1279 634 lunt,
1329 582 1482 623 massam
1516 587 1704 624 minorem
1738 585 1844 625 citius

523 648 750 702 temperiem
801 647 897 687 ae'ris
946 647 1198 700 acquifituram
1220 680 1231 699 ,
1282 658 1394 700 quam
1434 648 1619 688 maiorem
1671 647 1841 689 mafflim.

520 711 622 754 Hinc
657 712 803 753 videtur
833 711 1006 752 concludi
1040 711 1142 766 pofl‘e
1160 744 1171 764 ‚

640 774 686 831 4)
720 773 761 816 Si
796 776 947 816 maioris
997 774 1128 816 maffie
1182 773 1391 829 superficies
1435 775 1570 817 habeat
1607 777 1653 818 ad
1691 778 1845 819 minoris

519 839 658 881 maffiie
694 837 932 894 superficiem
969 839 1157 880 rationem
1192 841 1380 880 minorem
1401 872 1412 891 ,
1446 853 1556 894 quam
1596 842 1711 882 mals-a
1761 854 1846 883 ma·

519 905 578 945 ior
611 903 658 944 ad
693 903 846 944 maffim
880 904 1072 943 minorem
1093 934 1104 953 ,
1136 904 1329 944 minorem
1350 904 1505 944 mallum
1536 906 1761 960 temperiem
1779 908 1844 948 ειδ-

521 968 571 1008 ris
603 967 712 1007 citius
745 970 984 1007 obtenturam
1006 996 1018 1017 ,
1054 979 1169 1019 quam
1206 967 1393 1007 maiorem
1429 968 1585 1009 massam
1608 1002 1618 1020 ‚
1653 979 1691 1010 ct

646 1028 689 1086 5)
722 1028 765 1071 Si
799 1030 953 1071 maioris
995 1029 1133 1070 maffiie
1173 1028 1381 1083 superficies
1413 1030 1548 1071 habeat
1596 1033 1642 1073 ad
1694 1032 1848 1075 minoris

523 1093 662 1136 maffiie
695 1093 929 1147 superficiem
964 1094 1152 1134 rationem
1187 1093 1314 1134 multo
1347 1093 1535 1135 maiorem
1557 1125 1568 1145 ,
1601 1107 1716 1149 quam
1735 1096 1848 1138 volu·

522 1171 614 1199 men
648 1157 784 1198 maffie
819 1159 969 1199 maioris
1010 1156 1123 1198 habet
1156 1158 1203 1198 ad
1239 1156 1419 1198 volumen
1469 1156 1608 1199 massiie
1657 1159 1815 1201 minoris
1833 1192 1846 1214 ,

522 1223 713 1262 maiorem
756 1220 911 1261 maffiun
963 1221 1070 1262 citius
1112 1220 1340 1274 temperiem
1391 1221 1488 1260 a'e‘ris
1535 1221 1813 1265 consecuturam
1833 1256 1846 1276 ,

523 1298 635 1340 quam
671 1285 860 1325 minorem
896 1284 1066 1326 massam.
1133 1284 1237 1324 Haec
1272 1283 1404 1324 omnia
1423 1281 1741 1327 obseruationibus
1767 1286 1844 1328 vul-

520 1349 668 1403 garibus
700 1358 738 1389 et
771 1349 904 1389 exinde
938 1348 1069 1390 elicitis
1100 1346 1393 1388 conclusionibus
1431 1347 1640 1402 probabilia
1686 1349 1846 1390 reddun-

520 1422 581 1453 tur
599 1445 610 1464 ,
644 1413 789 1467 poss‘erit
822 1422 949 1454 tamen
981 1421 1098 1452 enam
1131 1410 1418 1465 experimentiS,
1471 1410 1498 1452 fi
1540 1409 1623 1452 vafii
1655 1421 1742 1467 apte
1774 1424 1844 1468 pa·

519 1486 599 1519 rata
631 1476 678 1517 ad
713 1487 846 1517 manus
877 1475 993 1517 effent
1015 1506 1027 1527 ‚
1062 1475 1210 1516 indubia
1243 1473 1358 1516 reddi.

665 1538 706 1595 1)
727 1540 790 1581 Ad
812 1539 1113 1594 propositionem
1134 1536 1181 1593 (n
1197 1536 1244 1594 2)
1264 1536 1568 1581 confirmandam
1595 1537 1697 1580 enim
1723 1539 1842 1594 posset

519 1604 638 1658 parari
659 1616 724 1643 vas
754 1605 929 1644 cubicum
963 1605 1002 1644 A
1036 1603 1140 1643 cuius
1172 1603 1264 1643 latus
1280 1601 1367 1642 ess‘et
1388 1605 1430 1640 6.
1454 1603 1521 1655 pol
1569 1612 1607 1643 ct
1642 1602 1742 1645 aliud
1776 1616 1842 1645 vas

520 1667 854 1722 parallelepipedae
882 1665 929 1707 B.
957 1666 1056 1706 cuius
1083 1666 1207 1707 baseos
1224 1667 1314 1706 latus
1331 1666 1490 1706 alterum
1526 1666 1612 1708 effer
1638 1673 1701 1709 18.
1741 1666 1838 1722 poll.

522 1730 683 1771 alterum
719 1733 760 1769 6.
784 1729 878 1784 poll.
915 1739 955 1770 et
987 1730 1145 1771 altitudo
1182 1729 1333 1784 2.·poll.
1356 1730 1477 1771 Erunt
1500 1731 1603 1772 enim
1624 1730 1671 1772 fic
1690 1730 1842 1785 superfi-

522 1794 596 1835 cies
627 1795 877 1847 capacitatum
898 1826 908 1845 ‚
943 1803 988 1835 vt
1025 1796 1111 1833 216
1133 1809 1140 1834 :
1180 1804 1281 1841 312.
1301 1794 1498 1834 volumina
1531 1806 1626 1835 vcro
1657 1794 1843 1849 aequalia,

523 1871 618 1912 quae
667 1859 858 1899 continere
901 1857 1059 1911 possunt.
1137 1857 1211 1899 Vel
1247 1856 1368 1912 posset
1401 1858 1518 1899 ctiam
1570 1857 1738 1899 adhiberi
1778 1870 1841 1900 vas

522 1922 756 1975 sphaericum
792 1919 827 1963 C
859 1932 898 1962 ct
915 1922 1091 1963 conicum
1151 1920 1207 1962 D.
1229 1920 1319 1962 valis
1358 1923 1481 1962 conici
1524 1921 1681 1961 altitudo
1713 1920 1840 1962 fitne·

521 1986 639 2036 qualis
658 1986 760 2026 radio
777 1985 973 2039 sphaerae,
993 1986 1081 2027 basis
1101 1986 1187 2026 coni
1209 1983 1471 2036 veroaequalis
1483 1982 1688 2036 superficiei
1708 1983 1838 2037 sphae-

518 2059 593 2088 rae.
615 2048 723 2088 Talia
742 2050 845 2090 enim
864 2049 948 2089 vasa
964 2049 1111 2101 capient
1127 2047 1289 2101 aequalia
1309 2045 1501 2086 volumina
1513 2079 1523 2097 ,
1544 2045 1752 2100 superficies
1770 2050 1840 2089 ve.'

522 2122 568 2151 ro
601 2109 772 2168 sphaerae
806 2114 876 2156 erit
910 2111 957 2154 ad
974 2110 1209 2167 superficiem
1236 2107 1337 2153 Coui
1356 2120 1568 2163 vt31400
1589 2110 1635 2154 ad
1663 2113 1834 2163 66506.

1782 2238 1839 2299 11)
