1971 2700
445 208 526 252 ΒΕ
555 210 766 251 BESTIIS
797 209 1058 251 MAI-imus.
1313 223 1368 261 30
1377 222 1400 260 ς

224 323 390 365 Dorsum
421 323 457 361 in
477 321 670 374 pinguibus
690 352 699 371 ,
719 320 839 373 quales
872 332 961 360 vere
1003 329 1042 359 et
1080 318 1214 359 aestate
1254 319 1352 370 fiunt,
1385 332 1408 358 e

110 388 223 440 plano
258 387 408 426 modice
439 396 647 423 connexum
667 416 677 434 ,
710 383 850 434 hyeme
883 395 976 422 vero
995 415 1005 433 ‚
1038 383 1188 436 quando
1208 381 1406 422 macilenta

108 452 204 501 sunt,
239 451 386 502 planum
420 458 456 485 et
491 446 535 485 ad
561 446 701 498 spinam
731 446 825 486 dorsi
859 446 1049 498 Vtrimque
1083 445 1199 484 veluti
1227 445 1313 485 foffit
1334 456 1407 482 ex-

107 524 276 554 cauatum
297 543 307 562 ‚
339 522 411 564 quo
443 518 617 561 tempore
651 521 784 549 omnes
813 509 1006 548 vertebrae
1037 521 1125 549 cum
1160 508 1260 562 spina
1307 506 1405 547 dorsi

109 584 306 630 apparent.

224 635 352 676 Costae
399 634 589 687 Vtrimque
622 636 667 675 ad
698 634 847 674 dorsum
898 634 936 672 in
970 646 1096 674 arcum
1146 634 1334 674 eleuantur
1365 641 1405 672 et

108 700 173 740 vbi
206 693 378 738 vertebris
406 696 502 737 dorsi
542 710 611 749 per
651 696 1008 749 ampliiutrofi11‚vt
1040 698 1079 735 in
1118 696 1294 747 homine,
1321 697 1402 734 iun-

108 771 270 815 guntur,
302 761 423 800 denuo
455 772 554 799 arcus
587 773 695 799 more
728 758 898 798 deorsum
934 759 1091 797 tendunt
1114 787 1123 801 ,
1154 767 1191 796 et
1224 759 1262 796 in
1281 757 1407 796 eolo-

106 837 153 864 co
186 826 386 875 Vtrimque,
424 823 486 861 vbi
518 823 696 862 vertebris
726 823 940 874 iunguntur,
974 820 1104 860 fossam
1128 819 1320 874 duplicem
1351 818 1406 858 se-

104 887 264 927 cundum
300 885 391 925 dorii
424 885 690 936 longitudinem
723 883 938 923 efformant.

221 950 258 989 A
291 947 455 988 vertebra
493 954 562 987 26.
596 948 706 987 cauda
742 948 875 999 incipit
913 955 952 986 et
987 956 1058 995 35.
1092 945 1267 986 vertebris
1309 957 1402 987 con-

107 1013 278 1052 tinuatur.
347 1009 470 1050 Cauda
503 1011 548 1050 ab
589 1023 661 1049 nno
694 1008 811 1048 versus
844 1010 995 1061 pinnam
1016 1008 1144 1048 sensim
1166 1017 1403 1060 attenuatur,

107 1087 183 1114 non
218 1085 296 1112 tam
319 1075 445 1125 plana,
479 1085 588 1124 quam
625 1073 746 1125 potius
764 1073 891 1111 leuiter
909 1071 1152 1123 quadrangula
1170 1072 1221 1110 est
1241 1103 1251 1121 ‚
1271 1082 1402 1110 omnes

105 1137 240 1176 scilicet
273 1138 404 1174 caudae
437 1137 621 1172 vertebrae
654 1136 742 1188 duas¹
772 1132 965 1184 epiphyses
983 1143 1020 1171 et
1050 1146 1091 1181 4.
1125 1131 1309 1184 processus
1335 1131 1403 1172 ha-

107 1199 194 1238 bent
213 1228 223 1246 ‚
243 1198 337 1234 inter
373 1206 464 1245 quos
480 1194 659 1246 processus
677 1194 837 1233 laterales
870 1193 931 1233 lati
950 1227 960 1245 ‚
993 1194 1097 1248 plani
1130 1204 1169 1233 et
1186 1196 1288 1247 apice
1316 1194 1402 1235 resi-

107 1261 160 1300 mi
216 1260 292 1296 sunt
314 1288 322 1303 ,
373 1255 534 1308 superior
583 1257 744 1296 veroin
785 1255 889 1296 dorso
946 1257 1003 1296 seu
1045 1256 1143 1310 spina
1193 1258 1401 1297 acuminata

105 1322 185 1370 est,
218 1318 393 1369 inferior,
432 1331 472 1356 05
503 1319 554 1358 est
587 1320 699 1358 latum
735 1319 889 1371 planum
925 1319 1042 1372 figura
1083 1320 1250 1360 Lamdae
1286 1317 1404 1360 Grae-

104 1395 234 1422 corum
255 1414 264 1430 ,
299 1381 371 1420 hoc
405 1382 638 1433 coniungitur
669 1382 817 1433 corpori
847 1382 967 1421 costae
999 1396 1064 1435 per
1082 1384 1219 1422 lineam
1242 1415 1252 1432 ‚
1283 1395 1324 1421 ac
1343 1393 1404 1420 ro-

107 1444 307 1484 bustissimis
337 1444 544 1495 ligamentis
575 1454 613 1483 ct
653 1445 857 1484 tendinibus
906 1458 992 1485 cum
1035 1446 1100 1484 illo
1145 1444 1402 1483 confirmatur.

110 1505 263 1547 Musculi
310 1508 442 1546 caudae
501 1507 728 1560 quadruplici
773 1508 894 1559 positu
942 1508 1116 1547 cauitates
1164 1506 1229 1546 has
1278 1516 1402 1546 verte-

110 1563 271 1613 brarum
291 1578 326 1606 et
359 1568 508 1621 angulos
542 1570 634 1609 inter
667 1568 855 1622 proceffus
893 1571 1084 1623 implent,
1135 1569 1233 1608 vnde
1283 1568 1403 1608 cauda

111 1631 185 1684 ipsa.
217 1630 377 1682 quadran
409 1631 591 1684 oblongi,
623 1631 853 1684 obtusanguli
887 1632 1050 1672 formam
1092 1629 1318 1672 nanciscitur.

226 1690 351 1732 Cauda
383 1695 559 1746 reliquum
593 1696 699 1735 craffii
718 1728 728 1746 ‚
764 1694 1006 1745 validissima,
1042 1695 1153 1747 pinna
1183 1695 1287 1746 nigra
1335 1693 1401 1733 du-

115 1754 250 1794 riffima
270 1786 279 1803 ,
311 1755 424 1805 rigida
459 1756 670 1806 praefinitur
689 1790 699 1807 ,
732 1770 805 1796 non
840 1758 877 1795 in
913 1759 1029 1796 melios
1058 1756 1168 1796 diuisa
1189 1788 1199 1806 ,
1218 1756 1278 1795 sed
1311 1768 1404 1795 con-

114 1820 242 1867 tinua,
274 1815 459 1855 substantia
493 1819 599 1856 costis
631 1819 843 1858 balenarum
894 1819 1048 1858 fiirtoriis
1084 1818 1209 1858 similis
1229 1849 1239 1869 ‚
1289 1820 1403 1856 adeo-

114 1892 184 1933 que
215 1891 265 1918 ex
298 1879 410 1918 meris
440 1880 596 1919 lamellis
624 1880 687 1919 fibi
721 1881 879 1919 inuicem
916 1877 1241 1931 incumbentibus,
1282 1879 1404 1921 veluti

115 1944 230 1981 vnico
260 1943 436 1981 continuo
468 1941 575 1981 assere
607 1943 760 1982 constat.
828 1944 938 1982 Pium
972 1943 1061 1983 hacc
1099 1943 1143 1982 ad
1177 1954 1297 1982 vnum
1331 1942 1402 1981 do-

115 2005 282 2044 drantem
333 2005 378 2043 ab
410 2005 649 2044 extremitate
699 2006 816 2044 lacera
865 2006 915 2045 est
956 2016 992 2044 et
1041 2005 1245 2050 rudioribus
1293 2005 1406 2046 aristis

115 2067 270 2106 aristatas
301 2067 584 2118 quodammodo>
617 2066 769 2120 piscium
803 2069 930 2120 pinnas
963 2066 1114 2107 obscure
1141 2065 1265 2105 refert.
1317 2066 1403 2106 Pin-

116 2142 165 2173 na
196 2129 267 2181 ipffi
300 2131 452 2170 caudam
487 2130 707 2183 praefiniens
739 2137 811 2178 78.
843 2131 993 2186 pollices
1026 2130 1097 2169 lata
1129 2129 1186 2169 scu
1210 2129 1321 2181 longa
1343 2134 1407 2176 732

179 2192 300 2234 Tem.
320 2192 373 2234 11.
393 2193 500 2237 Nou.
523 2190 745 2236 Comment.
1013 2193 1063 2250 Q
1084 2206 1109 2248 q
1298 2190 1408 2248 polli-
