1971 2700
507 189 596 219 202
691 172 778 219 DE
811 169 1208 224 BAROMETRO,
1240 165 1375 214 CVIV
1381 168 1407 213 S
1441 169 1624 216 SCALA

501 290 706 332 mercurius
740 290 779 331 in
814 289 908 330 tubo
940 288 1111 329 verticali
1144 284 1179 327 C
1199 287 1238 328 A
1271 284 1381 340 *sque
1414 285 1459 326 ad
1495 284 1664 327 mediam
1696 286 1828 330 sectio-

502 367 597 396 nem
632 355 911 396 horizontalem
948 353 1027 393 tubi
1061 350 1182 402 AB,
1217 359 1257 390 et
1290 350 1325 389 in
1379 349 1466 390 tubo
1517 350 1686 391 verticali
1731 351 1774 394 D
1793 352 1830 394 E

503 420 620 473 vique
654 420 700 459 ad
736 419 815 458 eius
847 416 1018 457 mediam
1055 413 1265 455 sectionem
1286 447 1296 466 ,
1330 414 1420 454 dum
1459 414 1587 454 media
1623 414 1831 457 barometri

501 482 662 523 altitudo
696 482 846 521 obtinet
867 512 877 531 ,
911 479 984 519 erit
1010 476 1090 531 gh
1124 478 1250 519 media
1288 479 1446 520 altitudo
1479 478 1705 519 barometri.

625 542 670 598 6)
706 543 922 598 Implentur
955 542 1070 584 etiam
1104 543 1212 583 tubus
1244 541 1275 583 F
1298 542 1335 586 E
1370 544 1409 584 in
1452 542 1481 584 F
1533 552 1682 597 apertus
1730 553 1836 583 met·

504 622 623 650 curio.

625 671 670 729 7)
705 670 889 726 Cingatur
923 671 1030 713 tubus
1063 668 1325 713 ABCDE
1357 682 1397 712 et
1431 671 1513 712 EF
1548 670 1699 711 lamella
1742 681 1837 724 qua·

499 738 602 780 dmm
618 738 742 778 excisi
774 736 965 777 metallica
999 735 1046 776 M
1066 734 1099 775 L
1120 736 1153 776 K
1172 735 1210 776 H
1232 732 1271 777 G
1292 735 1310 777 1
1333 734 1402 788 M,
1435 737 1487 776 ita
1523 746 1566 774 ιι
1601 735 1728 775 media
1761 733 1838 774 sec-

504 802 562 842 tio
594 800 768 841 lamellae
801 800 827 842 si
859 800 1179 850 continuaretur,
1216 812 1287 853 per
1317 811 1406 840 axes
1438 801 1615 840 tuborum
1647 797 1839 848 transiret,

510 875 548 905 et
581 864 755 905 firmetur
786 865 833 905 ad
866 875 964 903 eam.
1031 862 1145 903 Latus
1177 860 1335 933 (lupetius
1367 861 1406 906 G
1428 862 1445 904 1
1465 863 1499 905 K
1518 863 1578 914 H,
1612 862 1655 902 sit
1689 861 1841 913 caly-bc

507 941 574 969 um
608 929 827 983 longiusque
858 926 1041 980 opposito
1075 926 1211 978 latere,
1244 926 1326 978 ita,
1360 937 1402 968 vt
1434 938 1552 982 partes
1585 925 1604 967 1
1637 935 1676 966 et
1694 925 1729 966 K
1749 936 1838 980 pro-

509 992 703 1033 cumbunt.

633 1059 676 1104 8)
711 1053 916 1096 Diuidatur
948 1051 1045 1096 HG
1082 1055 1123 1094 in
1152 1053 1243 1095 duas
1293 1063 1418 1108 partes
1469 1054 1664 1108 aequales,
1715 1063 1752 1092 ct
1803 1054 1842 1094 in

508 1119 656 1174 puncto
688 1119 880 1159 diuifionis
913 1119 1148 1171 concipiatur
1183 1118 1280 1158 linea
1312 1117 1628 1171 perpendicularis
1659 1120 1697 1156 in
1731 1115 1768 1156 H
1787 1114 1842 1159 G.

627 1181 671 1237 9)
706 1181 751 1221 In
786 1182 952 1235 quadam
986 1181 1154 1222 distantia
1189 1183 1227 1220 in
1262 1181 1331 1221 hac
1374 1182 1681 1235 perpendiculari
1736 1193 1757 1220 a
1799 1181 1847 1222 li-

505 1259 575 1288 nea
609 1257 785 1287 exterma
820 1244 857 1285 H
877 1241 917 1286 G
952 1243 1017 1284 vel
1051 1242 1121 1285 IL
1155 1242 1224 1284 fiat
1256 1244 1339 1284 axis
1381 1243 1585 1294 chalybeus
1619 1243 1842 1285 immobilis.

507 1323 541 1350 e.
578 1324 613 1364 g.
654 1321 779 1364 prope
813 1308 854 1351 N
873 1339 886 1360 ,
918 1317 960 1348 vt
995 1318 1077 1348 tota
1111 1306 1286 1349 machina
1318 1307 1428 1348 instar
1467 1307 1619 1347 bilancis
1677 1306 1845 1358 suspendi

512 1373 638 1428 possit.

636 1435 708 1491 ιο)
742 1435 884 1491 Iugum
910 1435 1137 1488 chalybeum
1157 1433 1398 1490 praedi-stum
1443 1431 1482 1476 G
1501 1433 1518 1475 1
1539 1434 1573 1476 K
1592 1433 1628 1474 H
1662 1434 1706 1474 sit
1752 1434 1845 1474 tanti

512 1501 713 1555 ponderis,
748 1510 790 1541 vt
823 1511 1000 1541 centrum
1019 1500 1212 1554 grauitatis
1245 1497 1447 1541 machinae
1480 1499 1501 1539 ιὶ
1534 1498 1679 1553 puncto
1715 1506 1847 1538 motus

511 1565 554 1607 N
598 1577 687 1605 eam
733 1565 945 1606 distantiam
989 1564 1154 1615 habeat,
1187 1576 1286 1618 quae
1328 1564 1553 1615 requiritur,
1594 1573 1635 1602 vt
1681 1561 1845 1602 minima

512 1627 723 1669 differentia
759 1629 977 1682 ponderum
1013 1639 1063 1668 ex
1097 1637 1251 1682 vtraqnc
1286 1636 1396 1680 parte
1430 1627 1552 1667 lineae
1593 1625 1634 1668 N
1656 1626 1706 1683 Q
1737 1625 1846 1666 incli-

513 1693 667 1733 natione
701 1692 864 1746 lingulae
902 1692 1092 1745 prodatur.

638 1754 709 1811 ιι)
744 1756 869 1809 Prope
902 1753 941 1796 G
975 1765 1012 1795 et
1048 1755 1083 1794 H
1118 1753 1211 1795 fiant
1261 1755 1422 1807 obices,
1473 1763 1518 1794 vt
1568 1766 1619 1794 ne
1669 1754 1847 1795 machina

514 1820 654 1860 lineam
690 1820 843 1874 quidam
877 1832 898 1859 a
932 1818 1028 1859 linea
1062 1818 1289 1860 horizonnli
1325 1819 1505 1860 recedere
1546 1817 1687 1873 poss'rt,
1728 1818 1755 1859 si
1794 1830 1846 1860 ex

518 1884 665 1938 puncto
698 1881 733 1924 C
768 1883 963 1924 immobili
999 1881 1163 1936 suspensa
1196 1883 1239 1924 sit
1275 1883 1463 1924 machina.

640 1946 708 1993 12)
743 1947 947 2001 Erigantur
981 1956 1019 1986 ct
1055 1947 1254 1987 firmentur
1286 1947 1354 1986 stili
1389 1943 1580 1995 cylindrici
1599 1941 1768 1994 chalybei
1787 1943 1846 1985 ab

518 2020 556 2048 et
590 2011 612 2049 h
633 1961 659 2048 (ΙΙ
693 2014 741 2050 ita
775 2022 819 2050 xt
853 2011 1054 2051 continuati
1090 2022 1220 2048 corum
1256 2021 1344 2048 axes
1375 2008 1590 2048 coincidunt
1631 2020 1719 2048 cum
1762 2007 1845 2047 axi-

520 2073 585 2114 bu>
618 2075 792 2114 tuborum
827 2075 865 2114 Α
887 2072 921 2113 C
944 2106 954 2124 ,
988 2071 1030 2113 D
1048 2072 1084 2113 E
1104 2104 1115 2125 ,
1151 2072 1187 2112 E
1209 2072 1252 2111 Ι·.

1741 2200 1845 2241 Patet
