1971 2700
249 206 687 255 EXPERIMENTA
730 208 808 252 ET
833 206 1246 256 CONSEC'TARIA.
1346 226 1437 266 247

130 324 333 366 succreuisse
352 337 402 366 ex
422 326 541 366 sterno
559 321 746 363 cuiusdam
767 322 939 376 pastoris,
960 325 1022 378 qui
1050 325 1086 365 iu
1106 325 1322 378 prunellum
1349 327 1439 367 inci-

130 388 233 429 derat
256 399 365 443 atque
383 396 569 441 receperat
587 387 623 425 in
644 385 804 426 thoracis
819 388 1013 441 regionem
1033 386 1175 441 spinam
1194 389 1359 430 eiusdem
1379 403 1439 431 ar-

128 451 249 505 boris;
268 465 355 493 cum
375 447 624 506 et-Gaffendus
643 449 718 503 ipse
735 451 865 490 auctor
882 451 992 492 liuius
1014 451 1192 493 historiae
1215 452 1359 494 ibidem
1385 454 1438 494 al-

125 514 279 568 legetur.
320 516 470 556 Eodem
489 513 632 554 calculo
648 513 888 555 aestimandas
903 516 977 555 effe
992 515 1128 556 censeo
1143 516 1295 571 reliquas
1322 517 1439 558 histo-

125 580 194 618 rias
211 579 349 619 ibidem
370 578 520 629 relatas‚
539 577 671 631 quibus
686 576 902 632 fiirris‘spica
920 591 942 619 e
969 579 1133 620 mulieris
1150 578 1264 633 naso;
1303 590 1342 621 et
1369 580 1438 621 he-

125 642 212 682 dera
232 654 279 682 ex
296 643 391 682 cerui
410 653 526 681 cornu
545 641 745 694 progenita
765 643 946 683 dicuntur.
982 643 1082 683 Faba
1102 646 1218 684 etiam
1237 645 1313 685 auri
1334 645 1439 684 iuue-

124 706 182 745 nis
199 704 350 755 intrusa,
369 705 572 758 diutiusque
599 705 651 744 ibi
680 714 846 757 retenta,
877 707 1018 746 radices
1048 706 1159 758 egisse
1191 709 1365 759 traditur,
1398 708 1438 748 in

124 768 291 822 Keyslerz·
337 762 533 827 §steneli-e
584 760 728 826 &tense
746 799 765 825 r
807 769 964 822 epistola
1003 768 1106 808 XIV
1130 801 1141 821 ,
1188 781 1291 810 121.

240 831 289 872 V.
323 831 417 874 Non
448 831 645 884 diffiteor,
674 844 742 871 me
773 831 939 885 plurima
980 831 1119 872 horum
1148 833 1435 885 experimento·

122 906 207 936 rum
242 907 416 936 meorum
448 895 514 936 illo
544 895 736 935 instituisse
768 894 844 935 fine
864 927 877 947 ‚
910 905 952 935 vt
972 896 1043 947 ‚‹s1
1076 895 1159 935 fieri
1190 895 1311 949 postet
1331 929 1342 948 ,
1376 909 1418 937 re

122 959 285 1011 perirem
320 959 438 1013 aliqua
461 991 472 1011 ,
504 971 666 1012 quorum
698 959 812 998 ducstu
842 958 1046 1010 explicatio
1076 969 1221 1011 pateret
1249 960 1438 1000 admiran-

121 1021 159 1061 di
190 1021 285 1062 illius
318 1022 573 1075 phaenomeni
591 1054 602 1073 ,
633 1022 674 1060 in
706 1022 885 1061 omnibus
916 1021 1050 1074 plantis
1089 1021 1307 1075 conspicui,
1359 1035 1437 1076 quo

121 1083 228 1124 radix
259 1083 438 1125 deorsum
472 1083 619 1137 semper
650 1084 908 1137 deprimitur,
957 1096 1119 1137 germen
1153 1098 1251 1125 vero
1298 1084 1436 1127 sursum

117 1146 298 1188 eleuatur.
330 1147 445 1202 Quod
462 1155 562 1186 certe
580 1147 779 1198 problema
797 1178 809 1196 ,
826 1158 847 1185 a
876 1155 1004 1185 natura
1029 1147 1137 1186 nobis
1170 1148 1408 1200 propositum
1423 1180 1437 1201 ,

116 1210 215 1251 inter
231 1208 451 1248 difficillima
502 1218 542 1246 et
579 1210 704 1259 captui
731 1207 904 1246 humano
945 1211 1121 1248 maxime
1164 1211 1346 1263 imperilia
1380 1211 1436 1252 est

116 1270 391 1311 numerandum
405 1301 415 1320 ,
437 1268 504 1308 nisi
521 1267 649 1321 supine
666 1269 754 1310 illud
772 1271 1032 1311 consideretur.
1077 1272 1216 1326 Neque
1243 1274 1436 1315 defuerunt

113 1332 338 1373 excellentia
358 1332 507 1386 ingenia
527 1333 673 1373 nodum
694 1333 791 1372 hunc
811 1335 891 1386 plus
907 1348 1020 1387 quarn
1039 1336 1214 1389 gordium
1235 1338 1435 1390 agnoscen-

114 1396 165 1436 tia
177 1429 188 1449 ,
207 1406 246 1436 et
264 1396 504 1447 admirantia,
523 1405 562 1435 et
580 1397 754 1449 cupidine
772 1397 866 1436 illius
883 1397 1045 1438 soluendi
1064 1400 1201 1439 illecta.
1236 1400 1432 1441 Plasticam

115 1459 271 1512 aliquam
304 1462 389 1499 vim
424 1459 498 1499 huc
530 1460 741 1500 adducere:
776 1472 928 1513 peccare
962 1461 1048 1501 estet
1083 1463 1120 1502 in
1161 1462 1427 1516 perspicaciam

116 1520 221 1562 huius
252 1522 358 1563 seculi
380 1556 391 1574 ,
422 1523 520 1563 cuius
552 1523 770 1575 applausum
793 1556 803 1575 ,
839 1535 877 1564 et
914 1525 1016 1564 recte
1033 1526 1184 1578 quidem
1206 1559 1218 1578 ,
1236 1526 1328 1566 nihil
1346 1541 1433 1567 mo-

115 1595 211 1636 vet,
245 1585 311 1625 nisi
346 1587 446 1639 quod
487 1595 549 1626 aut
592 1586 759 1626 distincte
810 1587 1052 1641 explicatur,
1101 1599 1164 1629 aut
1195 1590 1296 1629 cuius
1329 1590 1431 1630 fimi-

115 1646 163 1687 lia
193 1647 260 1687 alia
292 1652 553 1701 experimenta
585 1650 804 1703 allegantur.
893 1651 1104 1691 Videamus
1151 1652 1293 1705 igitur,
1342 1653 1430 1707 quid

116 1710 339 1764 profecerint
371 1713 406 1752 in
440 1712 517 1752 hoc
551 1715 762 1766 aenigmate
797 1715 1022 1755 extricando
1055 1716 1226 1756 auctores
1269 1716 1430 1768 grauiffi-

116 1775 171 1815 mi
206 1773 404 1827 hucusque.
471 1774 651 1816 Antonius
689 1777 742 1816 Le
773 1776 913 1818 Grand
927 1810 938 1827 ,
970 1780 1008 1819 in
1039 1778 1204 1823 Historia
1223 1777 1429 1832 Naturae,

117 1836 157 1877 P.
190 1835 299 1887 VII,
333 1847 399 1877 art.
445 1839 467 1875 8
493 1868 505 1888 ‚
543 1850 580 1890 p.
605 1844 691 1885 308
714 1871 725 1889 ‚
773 1841 948 1880 omnibus
999 1841 1169 1894 stirpibus
1216 1843 1427 1894 ingenitum

117 1900 190 1941 effe
221 1899 337 1950 dicit,
369 1912 525 1953 germen
558 1901 595 1939 in
629 1901 785 1942 sublime
818 1905 1027 1956 emittere3
1060 1905 1198 1944 radices
1248 1917 1342 1944 vero
1371 1906 1429 1946 lo-

117 1977 158 2004 ca
209 1961 380 2003 inferiora
440 1972 578 2015 petere.
680 1966 801 2005 Addit
856 1966 990 2006 deinde
1050 1966 1147 2007 hanc
1204 1968 1389 2009 rationem
1414 1982 1427 2022 ;

117 2026 240 2082 „Cum
270 2025 365 2067 nulla
398 2027 567 2080 eapanfio
583 2026 669 2081 sine
701 2028 824 2069 calore
839 2029 923 2079 fiat
942 2062 952 2079 ,
987 2030 1131 2071 euidens
1179 2031 1227 2087 cst
1245 2063 1257 2082 ,
1307 2031 1397 2073 illud
1411 2065 1425 2084 ‚

117 2091 245 2145 „quod
270 2104 291 2132 e
320 2089 485 2145 plantula
518 2093 673 2144 erumpit
692 2124 702 2143 ,
735 2092 976 2133 rudimentum
1009 2107 1033 2133 a
1067 2093 1189 2134 calore
1211 2093 1394 2148 praeficfii
1412 2128 1424 2147 ,

119 2161 190 2208 „et
218 2157 297 2197 eius
330 2150 475 2210 impulsu
497 2150 635 2209 surfimz
664 2155 846 2212 tendere3
895 2169 980 2198 nam
1019 2157 1064 2198 id
1087 2157 1219 2200 caloris
1250 2158 1297 2215 ⁶ss
1325 2161 1422 2211 inge-

1326 2234 1425 2263 mum
