1971 2700
494 219 588 249 220
783 202 1027 253 REMIGH
1061 202 1316 248 NOVITER
1349 200 1600 248 INVENTI

607 321 642 372 §.
663 324 708 362 6.
745 320 810 362 Ad
841 321 916 362 hoc
950 333 999 362 eo
1047 321 1183 362 certius
1225 319 1471 361 efficiendum
1523 317 1680 361 vsitatos
1727 320 1818 362 istos

489 387 630 430 modos
671 385 840 427 (imiliter
873 386 919 426 ad
951 385 1134 427 calculum
1169 386 1444 435 reuocabimus,
1477 393 1520 424 vt
1562 385 1816 436 comparatio-

491 464 583 493 nem
618 461 753 491 eorum
789 450 889 489 inter
923 449 958 489 se
991 461 1041 489 eo
1074 448 1212 489 fiicilius
1245 449 1430 489 instituere
1464 448 1586 488 liceat.
1658 447 1814 488 Promo-

493 524 631 556 ventur
682 525 793 553 naues
841 513 1092 553 mercatoriae
1121 513 1207 554 alias
1238 523 1300 554 aut
1334 513 1419 553 fune
1455 525 1523 566 per
1573 511 1750 552 homines
1781 511 1821 551 in

493 578 622 619 littore
655 575 843 616 trahentes
861 609 872 628 ,
903 586 965 618 aut
999 575 1083 617 fiine
1117 589 1169 617 ex
1200 577 1364 618 anchora
1399 576 1539 617 minori
1572 576 1716 616 eminus
1733 586 1821 629 pro·

493 641 592 682 iesta
621 640 802 693 firmam,
829 652 947 695 quem
966 650 1028 681 aut
1063 642 1237 682 manibus
1268 652 1332 682 aut
1362 653 1485 694 ergata
1520 641 1558 680 in
1592 640 1678 679 naui
1709 638 1757 679 ad
1787 636 1825 679 se

494 705 661 747 trahunt.
724 702 827 746 Cum
861 717 911 746 ex
942 706 1242 747 antecedentibus
1272 707 1348 746 iam
1401 705 1538 746 constet
1557 738 1567 756 ,
1617 703 1823 745 hominem

495 778 677 822 tempore
714 766 778 810 1¹l
804 773 857 807 28
878 768 925 814 th
944 782 1012 822 per
1044 768 1204 823 spatium
1228 783 1251 808 2
1274 770 1418 824 pedum
1440 779 1670 824 promouere
1688 766 1792 822 poss‘e
1813 798 1827 820 ,

496 831 538 872 in
572 832 703 885 primo
733 829 816 872 casu
849 843 1005 885 propter
1034 832 1229 886 duplicem
1263 835 1527 887 obliquitatem
1559 832 1651 872 funis
1680 831 1826 871 musto·

495 896 541 936 rii
574 908 654 935 non
687 895 787 936 vltra
823 906 878 933 10
912 893 959 941 ὠ·
992 895 1140 948 singulis
1171 898 1352 949 operariis
1385 897 1493 938 tribui
1525 895 1707 949 poffimt3
1754 895 1828 935 erit

498 960 624 1014 itaque
657 959 694 998 in
729 958 847 1012 priori
865 957 945 998 casu
964 971 1066 999 x:
1086 960 1146 1007 ,ἔθ’
1165 968 1206 998 et
1237 960 1403 1000 celeritas
1453 960 1555 1001 nauis
1594 965 1634 1009 εξ
1670 959 1827 1013 pedum.

498 1020 544 1063 In
578 1023 699 1063 altero
730 1021 811 1062 casu
843 1022 987 1076 poterit
1020 1023 1175 1077 quidem
1208 1022 1317 1062 initio
1349 1024 1410 1063 vis
1442 1024 1587 1076 integra
1608 1030 1662 1066 28
1683 1022 1743 1070 tss.
1763 1022 1832 1064 ad·

498 1086 652 1138 hiberi,
685 1084 746 1127 sed
780 1087 864 1140 quia
915 1084 1044 1127 senfim
1097 1086 1425 1141 adpropinquante
1471 1087 1559 1126 naui
1591 1087 1639 1126 ad
1690 1086 1832 1127 ancho-

501 1162 584 1190 ram
615 1150 675 1189 vis
703 1151 888 1190 continuo
924 1161 1085 1205 propter
1117 1151 1267 1191 aust-am
1319 1151 1583 1204 obliquitatem
1622 1160 1661 1191 et
1690 1149 1833 1192 sristio-

501 1226 592 1254 nem
629 1213 844 1265 minuitur,
875 1225 1065 1265 ponamus
1098 1215 1269 1254 mediam
1305 1215 1388 1253 vim
1421 1215 1491 1254 elle
1525 1226 1580 1252 20
1601 1213 1662 1259 fix.
1728 1213 1833 1255 Cum

500 1286 695 1331 praeterea
728 1276 803 1316 hoc
836 1277 874 1316 iu
905 1277 987 1316 casu
1021 1277 1123 1318 acuo
1175 1277 1438 1330 operariorum
1488 1277 1701 1330 interruptis
1750 1287 1833 1318 tan-

506 1350 589 1381 tum
625 1340 769 1381 vicibus
799 1338 881 1381 fieri
914 1341 1038 1393 potest
1057 1375 1069 1392 ,
1100 1340 1193 1380 dum
1229 1352 1358 1380 mamis
1392 1341 1539 1392 semper
1569 1340 1616 1380 de
1650 1352 1753 1380 nouo
1770 1341 1836 1382 ad-

504 1404 642 1457 plicare
675 1411 889 1457 coguntur,
921 1414 1124 1444 nnmerum
1159 1413 1303 1444 tantum
1339 1403 1544 1444 dimidium
1578 1403 1834 1456 opemriomm

501 1468 543 1508 in
576 1465 721 1507 calculo
759 1467 938 1508 affiimere
971 1466 1132 1519 licebit,
1166 1469 1300 1521 quibus
1330 1466 1525 1522 suppositis
1557 1466 1682 1520 prodit
1713 1479 1745 1508 :c
1766 1468 1836 1507 ite-

504 1544 588 1572 mm
624 1544 679 1570 z
700 1537 730 1579 5¹2,
749 1541 788 1572 et
820 1530 987 1572 celeritas
1019 1531 1123 1572 nauis
1156 1544 1212 1571 :z
1237 1539 1278 1582 ιζ
1299 1532 1415 1585 pedis.
1491 1530 1688 1587 Quoniam
1740 1543 1838 1572 vcro

505 1594 581 1636 boc
616 1594 654 1633 in
688 1594 769 1634 casu
802 1596 967 1636 anchora
999 1594 1142 1648 [impius
1181 1596 1316 1637 iterum
1363 1595 1498 1635 eleuari
1547 1605 1585 1635 et
1632 1595 1681 1634 de
1732 1606 1836 1636 nouo

506 1657 655 1698 eminus
688 1658 823 1711 prmici
856 1659 970 1699 debet
989 1691 1000 1710 ,
1033 1658 1234 1700 dimidium
1287 1669 1433 1700 tantum
1485 1659 1593 1699 huius
1640 1658 1838 1699 celeritatis

507 1722 786 1777 procontinua
822 1723 985 1776 quadam
1019 1722 1207 1763 celeritate
1259 1725 1403 1778 poterit
1454 1723 1614 1774 affiimi,
1666 1722 1837 1771 scilicet}

507 1785 628 1840 pedis.
696 1785 782 1827 Hoc
814 1787 919 1827 idem
953 1787 1249 1828 incommodum
1283 1789 1381 1828 adest
1414 1787 1511 1828 circa
1547 1787 1701 1828 tertium
1747 1799 1837 1828 mo-

507 1850 602 1890 dum
623 1882 634 1900 ,
671 1851 734 1904 qui
765 1851 853 1891 alias
870 1852 967 1891 inter
1000 1852 1162 1905 reliquos
1194 1852 1333 1892 modos
1367 1853 1460 1892 soret
1482 1851 1805 1905 patestantissimus
1824 1884 1836 1904 ‚

508 1914 573 1953 vbi
608 1912 742 1954 scilicet
776 1914 859 1955 sune
891 1915 1032 1957 circum
1070 1926 1241 1970 ergatam
1259 1917 1473 1957 conuoluto
1498 1916 1657 1968 operarii
1695 1926 1836 1956 nauem

510 1986 621 2017 motu
654 1979 839 2019 continuo
872 1979 1085 2034 propellere
1117 1981 1298 2033 possunt3
1334 1980 1453 2032 posita
1502 1979 1607 2017 cuim
1652 1978 1692 2017 vi
1729 1980 1837 2019 vuius

508 2050 554 2079 vt
585 2050 669 2079 aute
707 2054 760 2080 20
780 2041 826 2088 113
846 2075 857 2093 ,
890 2045 959 2082 erit
978 2055 1079 2082 x:
1103 2049 1133 2088 ,Ἀ
1154 2044 1255 2095 pedis
1287 2052 1326 2081 et
1359 2041 1524 2081 celeritas
1557 2042 1660 2081 nauis
1692 2043 1766 2096 ipsa
1790 2046 1832 2089 2:

510 2103 628 2157 pedis.
695 2102 771 2143 Sed
807 2116 966 2157 propter
999 2105 1170 2157 allegatas
1203 2105 1362 2144 rationes
1397 2104 1502 2144 liuius
1534 2106 1729 2146 celeritatis
1771 2106 1835 2146 iti-

508 2167 603 2208 dem
637 2175 784 2208 tantum
817 2168 976 2210 dimidia
1010 2180 1093 2222 pars
1131 2173 1173 2217 ¹2
1209 2168 1314 2223 pedis
1346 2182 1419 2223 pro
1450 2171 1629 2211 continua
1670 2170 1831 2225 quadam

1704 2233 1834 2274 celcri-
