1971 2700
526 177 611 231 {9⁸
709 171 794 217 DE
826 164 1227 222 BAROMETRO,
1260 163 1421 210 CVIVS
1453 164 1642 214 SCALA

520 289 613 335 curii
647 288 687 330 in
722 285 807 328 vase
840 285 878 328 E
896 284 988 329 EE
1020 282 1223 338 stagnantis
1240 315 1252 335 ,
1285 279 1658 336 parallelepipedoin
1682 283 1746 325 fitu
1772 284 1845 327 ho-

521 352 695 396 riwntali
745 361 905 394 retento.
1006 347 1265 401 Deprimetur
1315 345 1685 401 parallelepipedum
1743 347 1773 390 F
1809 349 1846 389 Η

526 418 717 461 mercurio
735 448 746 467 ,
805 424 850 455 vt
918 414 956 454 in
1022 412 1091 454 situ
1159 410 1381 452 horizontali
1449 408 1604 464 quietim
1680 411 1846 465 pondera

520 481 708 536 quaedam
743 490 764 519 a
796 478 882 519 stilo
916 475 1008 517 vasis
1039 474 1101 516 W
1133 473 1293 517 subtrahi
1326 485 1364 517 et
1397 474 1541 515 summa
1573 485 1710 515 eorum
1741 485 1849 517 nota-

521 546 554 588 ri
587 544 732 596 debet·⁷
767 541 917 596 pondus
964 540 1152 583 residuum
1189 540 1340 595 aequale
1374 541 1445 580 erit
1493 539 1663 580 fiammae
1696 551 1734 579 n.
1777 545 1846 582 18.

521 607 791 663 impositorum
811 638 822 658 ,
855 616 894 646 et
925 605 1062 647 eadem
1097 603 1213 646 rursus
1230 637 1242 659 ,
1285 616 1379 660 quae
1413 604 1464 645 ibi
1499 612 1627 645 notata
1644 636 1658 656 ,
1691 604 1851 647 altitudo

521 671 771 716 barometrica
803 670 1036 712 indicabitur.

641 768 678 818 §-
706 769 773 807 16.
812 766 903 808 Tali
952 767 1096 808 ratione
1129 778 1203 821 pro
1254 765 1422 820 qualibet
1474 764 1659 821 prcffione
1709 772 1853 807 mutata

524 833 674 890 pondus
707 831 885 874 mercurii
921 831 982 872 vel
1013 829 1200 871 affluentis
1231 830 1271 870 in
1305 842 1370 871 vas
1403 829 1445 873 D
1465 831 1500 873 E
1534 831 1596 872 vel
1631 830 1670 870 in
1690 841 1756 870 vas
1773 825 1856 871 AB

526 897 734 941 recedentis
756 927 768 948 ‚
804 894 1072 949 consequenter
1105 894 1292 936 volumen
1326 896 1405 937 eius
1434 905 1474 936 et
1507 895 1594 936 hinc
1612 894 1774 935 altitudo
1790 894 1856 934 ba·

522 961 730 1003 rometrica
764 959 921 1000 inueniri
956 957 1119 1012 poffunt.
1186 957 1243 1000 Sit
1273 959 1378 1001 enim
1414 961 1560 1013 pondus
1592 959 1764 999 additum
1794 957 1857 998 vel

521 1024 743 1067 subductum
779 1023 838 1076 P,
874 1022 916 1064 sit
948 1022 1099 1077 pondus
1130 1022 1238 1063 vnius
1269 1022 1381 1076 digiti
1415 1023 1538 1064 cubici
1588 1023 1768 1064 mercurii
1796 1029 1826 1078 p
1846 1053 1858 1073 ,

520 1090 594 1130 etit
623 1097 678 1146 p:
710 1100 727 1127 1
754 1087 932 1136 :P:5
972 1087 1020 1128 ad
1054 1085 1112 1126 P:
1139 1095 1240 1143 sp,
1282 1086 1549 1141 consequenter
1600 1085 1750 1142 P:5p
1783 1085 1857 1127 etit

520 1153 704 1194 volumen
723 1151 900 1193 mercurii
921 1183 931 1203 ‚
965 1149 1095 1206 positis
1128 1162 1248 1204 porro
1280 1152 1430 1191 caeteris
1463 1161 1507 1192 vt
1539 1151 1648 1205 supra
1683 1150 1718 1199 ξ.
1758 1163 1800 1202 9.
1819 1157 1859 1191 et

521 1244 668 1276 νεῖ-’κ
688 1266 700 1286 ,
730 1232 803 1275 erit
835 1244 904 1287 per
945 1231 1209 1287 aequationem
1263 1220 1444 1288 primam*
1469 1245 1491 1274 c
1510 1240 1578 1281 -i-
1612 1218 1779 1297 ⁹223&
1817 1254 1859 1263 .-

523 1318 545 1347 c
564 1305 602 1346 V
624 1323 631 1347 :
653 1303 667 1360 (
687 1304 724 1344 V
744 1311 811 1352 -÷-
830 1303 860 1345 P
882 1319 890 1344 ;
913 1313 934 1353 5
954 1311 984 1359 p
1002 1300 1016 1359 )
1043 1317 1098 1344 z
1115 1315 1143 1345 x
1161 1336 1173 1356 ,
1206 1304 1233 1346 fi
1267 1304 1361 1346 haec
1411 1305 1594 1359 quantitas
1641 1304 1862 1346 subtrahitur

525 1381 548 1410 a
579 1383 602 1411 c
635 1378 675 1409 et
706 1367 814 1410 fimul
844 1377 918 1409 tres
948 1368 1089 1421 digiti,
1123 1369 1243 1409 oritur
1277 1368 1437 1409 altitudo
1469 1368 1724 1410 barometrica
1776 1367 1861 1422 post

529 1432 759 1489 pressionem
792 1433 890 1473 a’e'ris
923 1432 1170 1473 diminutam.
1237 1431 1292 1474 Et
1325 1444 1391 1486 per
1434 1433 1695 1487 aequationem
1731 1433 1860 1474 secun-

524 1517 617 1560 dam
649 1518 819 1559 eiusdem
851 1511 888 1560 §.
925 1530 968 1567 9.
989 1517 1058 1558 erit
1090 1501 1183 1572 vfp‘}
1199 1500 1489 1579 ,Ρ-ι-Ἢῖῖ)
1518 1539 1560 1545 -
1578 1531 1599 1559 c
1616 1529 1672 1557 z
1690 1530 1718 1559 a·
1737 1551 1748 1571 ,
1766 1529 1859 1574 quae

525 1590 553 1632 fi
587 1591 734 1632 additur
765 1592 812 1632 ad
844 1605 866 1633 c
899 1602 938 1632 et
971 1601 1042 1632 tres
1073 1589 1181 1644 digiti
1213 1604 1233 1631 a
1268 1591 1413 1633 stimma
1448 1591 1737 1643 subtrahantur,
1782 1593 1859 1633 ori-

525 1663 587 1695 tur
639 1655 796 1697 altitudo
848 1656 1095 1697 barometrica
1147 1655 1234 1709 post
1286 1655 1515 1711 prcffionem
1575 1656 1859 1711 atmosphzieme

525 1718 694 1762 auitam.

645 1816 681 1866 ς.
708 1827 777 1866 17·
812 1815 1042 1859 Notandum
1078 1817 1131 1859 est
1163 1820 1257 1860 circa
1275 1818 1591 1860 constructionem
1625 1819 1658 1868 §.
1701 1816 1859 1868 15.da-

533 1889 615 1921 tam
649 1878 725 1936 (1)
759 1881 862 1924 Vasis
896 1881 957 1923 W
990 1882 1240 1936 capacitatem
1276 1895 1357 1924 non
1393 1884 1500 1924 aliter
1533 1883 1597 1923 nisi
1629 1883 1704 1935 ipia
1740 1892 1860 1933 expe-

533 1944 664 1984 rientia
697 1946 912 1987 commode
945 1946 1106 1988 definiri.

654 2015 696 2058 2)
731 2009 939 2051 Affnctum
973 2011 1063 2051 oriri
1097 2022 1148 2050 ex
1169 2009 1356 2063 preffione
1388 2017 1523 2049 contra
1562 2021 1672 2050 axem
1694 2043 1704 2061 ,
1738 2011 1799 2065 qui
1834 2010 1859 2051 si

533 2081 602 2112 vas
636 2069 697 2109 W
732 2073 862 2114 sursum
899 2082 1054 2127 vrgetur
1084 2071 1233 2127 semper
1267 2072 1406 2127 pendet
1439 2086 1459 2114 a
1479 2076 1648 2128 potentia
1667 2076 1828 2129 quadam
1847 2106 1858 2127 ,

534 2147 629 2190 quae
661 2135 714 2178 est
746 2136 791 2178 ad
826 2138 1041 2193 potentiam
1083 2149 1174 2192 quae
1224 2149 1292 2179 vas
1324 2136 1459 2179 sursum
1511 2148 1623 2192 Vrget
1655 2149 1698 2181 vt
1731 2154 1790 2191 4:
1817 2149 1856 2186 ς,

1776 2200 1858 2242 Dc-
