<?xml version="1.0" encoding="UTF-8"?>
<!DOCTYPE html PUBLIC "-//W3C//DTD XHTML 1.0 Transitional//EN"
    "http://www.w3.org/TR/xhtml1/DTD/xhtml1-transitional.dtd">
<html xmlns="http://www.w3.org/1999/xhtml" xml:lang="en" lang="en">
 <head>
  <title>
</title>
<meta http-equiv="Content-Type" content="text/html;charset=utf-8" />
  <meta name='ocr-system' content='tesseract 3.04.00' />
  <meta name='ocr-capabilities' content='ocr_page ocr_carea ocr_par ocr_line ocrx_word'/>
</head>
<body>
  <div class='ocr_page' id='page_1' title='image "./novicommentariac02impe_0175.png"; bbox 0 0 1971 2700; ppageno 0'>
   <div class='ocr_carea' id='block_1_1' title="bbox 157 180 1454 247">
    <p class='ocr_par' dir='ltr' id='par_1_1' title="bbox 157 180 1454 247">
     <span class='ocr_line' id='line_1_1' title="bbox 157 180 1454 247; baseline 0.002 -18"><span class='ocrx_word' id='word_1_1' title='bbox 157 180 435 247; x_wconf 70' lang='lat' dir='ltr'><strong><em>INQVISIT.</em></strong></span> <span class='ocrx_word' id='word_1_2' title='bbox 469 185 533 228; x_wconf 81' lang='lat' dir='ltr'>IN</span> <span class='ocrx_word' id='word_1_3' title='bbox 565 181 794 228; x_wconf 78' lang='lat' dir='ltr'><em>RATION.</em></span> <span class='ocrx_word' id='word_1_4' title='bbox 829 181 1229 231; x_wconf 78' lang='lat' dir='ltr'><em>PHAENOMENI</em></span> <span class='ocrx_word' id='word_1_5' title='bbox 1261 198 1328 232; x_wconf 68' lang='lat' dir='ltr'>cet.</span> <span class='ocrx_word' id='word_1_6' title='bbox 1370 206 1384 231; x_wconf 89' lang='lat'>1</span> <span class='ocrx_word' id='word_1_7' title='bbox 1398 203 1454 244; x_wconf 73' lang='lat'>39</span> 
     </span>
    </p>
   </div>
   <div class='ocr_carea' id='block_1_2' title="bbox 156 293 1454 607">
    <p class='ocr_par' dir='ltr' id='par_1_2' title="bbox 156 293 1454 607">
     <span class='ocr_line' id='line_1_2' title="bbox 304 293 1454 354; baseline 0.004 -17"><span class='ocrx_word' id='word_1_8' title='bbox 304 297 357 353; x_wconf 90' lang='lat'>11)</span> <span class='ocrx_word' id='word_1_9' title='bbox 394 299 456 339; x_wconf 88' lang='lat' dir='ltr'>Ad</span> <span class='ocrx_word' id='word_1_10' title='bbox 488 296 781 350; x_wconf 83' lang='lat' dir='ltr'>propofitionem</span> <span class='ocrx_word' id='word_1_11' title='bbox 819 293 930 351; x_wconf 78' lang='lat'>(723)</span> <span class='ocrx_word' id='word_1_12' title='bbox 963 298 1263 341; x_wconf 84' lang='lat' dir='ltr'>confirmandam</span> <span class='ocrx_word' id='word_1_13' title='bbox 1299 301 1454 354; x_wconf 73' lang='lat' dir='ltr'>eligatur</span> 
     </span>
     <span class='ocr_line' id='line_1_3' title="bbox 156 357 1452 418; baseline 0.001 -15"><span class='ocrx_word' id='word_1_14' title='bbox 156 375 224 403; x_wconf 81' lang='lat' dir='ltr'>vas</span> <span class='ocrx_word' id='word_1_15' title='bbox 254 362 420 403; x_wconf 84' lang='lat' dir='ltr'>cubicum</span> <span class='ocrx_word' id='word_1_16' title='bbox 455 357 536 415; x_wconf 86' lang='lat' dir='ltr'>(A)</span> <span class='ocrx_word' id='word_1_17' title='bbox 570 367 609 398; x_wconf 90' lang='lat' dir='ltr'>et</span> <span class='ocrx_word' id='word_1_18' title='bbox 649 368 794 412; x_wconf 84' lang='lat' dir='ltr'>paretur</span> <span class='ocrx_word' id='word_1_19' title='bbox 832 359 927 401; x_wconf 86' lang='lat' dir='ltr'>aliud</span> <span class='ocrx_word' id='word_1_20' title='bbox 969 373 1035 401; x_wconf 81' lang='lat' dir='ltr'>vas</span> <span class='ocrx_word' id='word_1_21' title='bbox 1074 363 1420 418; x_wconf 78' lang='lat' dir='ltr'>parallelepipedale</span> <span class='ocrx_word' id='word_1_22' title='bbox 1440 400 1452 418; x_wconf 80' lang='lat'>,</span> 
     </span>
     <span class='ocr_line' id='line_1_4' title="bbox 159 421 1453 480; baseline 0.002 -14"><span class='ocrx_word' id='word_1_23' title='bbox 159 424 239 480; x_wconf 88' lang='lat' dir='ltr'>(E)</span> <span class='ocrx_word' id='word_1_24' title='bbox 273 426 375 465; x_wconf 87' lang='lat' dir='ltr'>cuius</span> <span class='ocrx_word' id='word_1_25' title='bbox 415 424 504 464; x_wconf 81' lang='lat' dir='ltr'>latus</span> <span class='ocrx_word' id='word_1_26' title='bbox 553 421 674 462; x_wconf 79' lang='lat' dir='ltr'>baseos</span> <span class='ocrx_word' id='word_1_27' title='bbox 722 421 877 463; x_wconf 79' lang='lat' dir='ltr'>alterum</span> <span class='ocrx_word' id='word_1_28' title='bbox 930 422 974 464; x_wconf 88' lang='lat' dir='ltr'>fit</span> <span class='ocrx_word' id='word_1_29' title='bbox 1017 431 1084 467; x_wconf 89' lang='lat'>18.</span> <span class='ocrx_word' id='word_1_30' title='bbox 1146 426 1238 480; x_wconf 87' lang='lat' dir='ltr'>poll.</span> <span class='ocrx_word' id='word_1_31' title='bbox 1293 427 1453 469; x_wconf 83' lang='lat' dir='ltr'>alterum</span> 
     </span>
     <span class='ocr_line' id='line_1_5' title="bbox 159 484 1452 542; baseline 0.005 -16"><span class='ocrx_word' id='word_1_32' title='bbox 159 499 200 534; x_wconf 82' lang='lat'>3.</span> <span class='ocrx_word' id='word_1_33' title='bbox 237 488 327 542; x_wconf 85' lang='lat' dir='ltr'>poll.</span> <span class='ocrx_word' id='word_1_34' title='bbox 361 486 513 535; x_wconf 82' lang='lat' dir='ltr'>altitudo</span> <span class='ocrx_word' id='word_1_35' title='bbox 533 484 592 524; x_wconf 85' lang='lat' dir='ltr'>vel</span> <span class='ocrx_word' id='word_1_36' title='bbox 614 497 652 524; x_wconf 85' lang='grc'>2.</span> <span class='ocrx_word' id='word_1_37' title='bbox 686 490 704 533; x_wconf 58' lang='grc' dir='ltr'><em>ξ</em></span> <span class='ocrx_word' id='word_1_38' title='bbox 737 486 830 538; x_wconf 85' lang='lat' dir='ltr'>poll.</span> <span class='ocrx_word' id='word_1_39' title='bbox 867 484 1100 540; x_wconf 74' lang='lat' dir='ltr'>Capacitates</span> <span class='ocrx_word' id='word_1_40' title='bbox 1132 489 1302 532; x_wconf 77' lang='lat' dir='ltr'>vasorum</span> <span class='ocrx_word' id='word_1_41' title='bbox 1346 492 1452 532; x_wconf 87' lang='lat' dir='ltr'>enim</span> 
     </span>
     <span class='ocr_line' id='line_1_6' title="bbox 156 549 1450 607; baseline 0.002 -17"><span class='ocrx_word' id='word_1_42' title='bbox 156 551 217 592; x_wconf 90' lang='lat' dir='ltr'>hic</span> <span class='ocrx_word' id='word_1_43' title='bbox 252 559 358 592; x_wconf 83' lang='lat' dir='ltr'>erunt</span> <span class='ocrx_word' id='word_1_44' title='bbox 373 559 416 589; x_wconf 82' lang='lat' dir='ltr'>vt</span> <span class='ocrx_word' id='word_1_45' title='bbox 436 550 536 586; x_wconf 86' lang='lat'><em>216.</em></span> <span class='ocrx_word' id='word_1_46' title='bbox 571 549 616 587; x_wconf 83' lang='lat' dir='ltr'>ad</span> <span class='ocrx_word' id='word_1_47' title='bbox 640 558 725 597; x_wconf 82' lang='lat'>139</span> <span class='ocrx_word' id='word_1_48' title='bbox 745 549 883 601; x_wconf 76' lang='lat' dir='ltr'>ferme,</span> <span class='ocrx_word' id='word_1_49' title='bbox 917 550 1125 604; x_wconf 84' lang='lat' dir='ltr'>superficies</span> <span class='ocrx_word' id='word_1_50' title='bbox 1156 565 1252 594; x_wconf 82' lang='lat' dir='ltr'>vero</span> <span class='ocrx_word' id='word_1_51' title='bbox 1271 554 1450 607; x_wconf 83' lang='lat' dir='ltr'><strong>aequales.</strong></span> 
     </span>
    </p>
   </div>
   <div class='ocr_carea' id='block_1_3' title="bbox 142 618 1455 1250">
    <p class='ocr_par' dir='ltr' id='par_1_3' title="bbox 149 618 1455 1053">
     <span class='ocr_line' id='line_1_7' title="bbox 299 618 1455 676; baseline 0.003 -13"><span class='ocrx_word' id='word_1_52' title='bbox 299 620 376 676; x_wconf 87' lang='lat'><em>111)</em></span> <span class='ocrx_word' id='word_1_53' title='bbox 406 620 468 661; x_wconf 83' lang='lat' dir='ltr'>Ad</span> <span class='ocrx_word' id='word_1_54' title='bbox 512 620 808 673; x_wconf 79' lang='lat' dir='ltr'>propositionem</span> <span class='ocrx_word' id='word_1_55' title='bbox 861 618 984 675; x_wconf 85' lang='lat' dir='ltr'>(n.4)</span> <span class='ocrx_word' id='word_1_56' title='bbox 1037 624 1338 666; x_wconf 83' lang='lat' dir='ltr'>confirmandam</span> <span class='ocrx_word' id='word_1_57' title='bbox 1389 639 1455 667; x_wconf 82' lang='lat' dir='ltr'>vas</span> 
     </span>
     <span class='ocr_line' id='line_1_8' title="bbox 154 682 1449 740; baseline 0.002 -13"><span class='ocrx_word' id='word_1_58' title='bbox 154 688 323 728; x_wconf 88' lang='lat' dir='ltr'>concium</span> <span class='ocrx_word' id='word_1_59' title='bbox 358 682 434 740; x_wconf 85' lang='lat' dir='ltr'>(F)</span> <span class='ocrx_word' id='word_1_60' title='bbox 466 692 504 722; x_wconf 88' lang='lat' dir='ltr'>et</span> <span class='ocrx_word' id='word_1_61' title='bbox 538 695 601 722; x_wconf 82' lang='lat' dir='ltr'>vas</span> <span class='ocrx_word' id='word_1_62' title='bbox 632 683 876 733; x_wconf 84' lang='lat' dir='ltr'>cylindricurn</span> <span class='ocrx_word' id='word_1_63' title='bbox 928 682 1013 738; x_wconf 89' lang='lat' dir='ltr'>(G)</span> <span class='ocrx_word' id='word_1_64' title='bbox 1049 695 1245 740; x_wconf 71' lang='lat' dir='ltr'>Vtrumque</span> <span class='ocrx_word' id='word_1_65' title='bbox 1283 689 1449 730; x_wconf 87' lang='lat' dir='ltr'>eiusdem</span> 
     </span>
     <span class='ocr_line' id='line_1_9' title="bbox 153 745 1452 798; baseline 0.001 -7"><span class='ocrx_word' id='word_1_66' title='bbox 153 750 347 791; x_wconf 75' lang='lat' dir='ltr'>altitudinis</span> <span class='ocrx_word' id='word_1_67' title='bbox 375 746 540 786; x_wconf 81' lang='lat' dir='ltr'>adhiberi</span> <span class='ocrx_word' id='word_1_68' title='bbox 584 746 712 798; x_wconf 59' lang='lat' dir='ltr'>poflbt.</span> <span class='ocrx_word' id='word_1_69' title='bbox 794 745 998 786; x_wconf 84' lang='lat' dir='ltr'>Diameter</span> <span class='ocrx_word' id='word_1_70' title='bbox 1030 747 1123 788; x_wconf 76' lang='lat' dir='ltr'>vasis</span> <span class='ocrx_word' id='word_1_71' title='bbox 1161 750 1285 789; x_wconf 85' lang='lat' dir='ltr'>conici</span> <span class='ocrx_word' id='word_1_72' title='bbox 1325 753 1452 792; x_wconf 81' lang='lat' dir='ltr'>maxi-</span> 
     </span>
     <span class='ocr_line' id='line_1_10' title="bbox 153 808 1451 863; baseline -0.001 -9"><span class='ocrx_word' id='word_1_73' title='bbox 153 826 217 854; x_wconf 81' lang='lat' dir='ltr'>ma</span> <span class='ocrx_word' id='word_1_74' title='bbox 251 813 291 853; x_wconf 86' lang='lat' dir='ltr'>fit</span> <span class='ocrx_word' id='word_1_75' title='bbox 319 810 474 863; x_wconf 76' lang='lat' dir='ltr'>aequalis</span> <span class='ocrx_word' id='word_1_76' title='bbox 502 811 685 850; x_wconf 78' lang='lat' dir='ltr'>diametro</span> <span class='ocrx_word' id='word_1_77' title='bbox 716 809 909 860; x_wconf 89' lang='lat' dir='ltr'>cylindrici</span> <span class='ocrx_word' id='word_1_78' title='bbox 942 810 1048 851; x_wconf 76' lang='lat' dir='ltr'>vasis.</span> <span class='ocrx_word' id='word_1_79' title='bbox 1112 808 1195 852; x_wconf 87' lang='lat' dir='ltr'>Erit</span> <span class='ocrx_word' id='word_1_80' title='bbox 1228 813 1329 852; x_wconf 87' lang='lat' dir='ltr'>enim</span> <span class='ocrx_word' id='word_1_81' title='bbox 1370 813 1451 857; x_wconf 78' lang='lat' dir='ltr'>talis</span> 
     </span>
     <span class='ocr_line' id='line_1_11' title="bbox 150 872 1450 927; baseline 0.002 -12"><span class='ocrx_word' id='word_1_82' title='bbox 150 888 265 915; x_wconf 87' lang='lat' dir='ltr'>conus</span> <span class='ocrx_word' id='word_1_83' title='bbox 295 875 338 915; x_wconf 82' lang='lat' dir='ltr'>ad</span> <span class='ocrx_word' id='word_1_84' title='bbox 378 873 492 913; x_wconf 83' lang='lat' dir='ltr'>talem</span> <span class='ocrx_word' id='word_1_85' title='bbox 533 872 743 924; x_wconf 85' lang='lat' dir='ltr'>cylindrum</span> <span class='ocrx_word' id='word_1_86' title='bbox 785 882 829 912; x_wconf 84' lang='lat' dir='ltr'>vt</span> <span class='ocrx_word' id='word_1_87' title='bbox 866 885 883 911; x_wconf 91' lang='lat'>1</span> <span class='ocrx_word' id='word_1_88' title='bbox 932 873 977 913; x_wconf 85' lang='lat' dir='ltr'>ad</span> <span class='ocrx_word' id='word_1_89' title='bbox 1012 887 1053 923; x_wconf 80' lang='lat'>3.</span> <span class='ocrx_word' id='word_1_90' title='bbox 1107 873 1311 927; x_wconf 85' lang='lat' dir='ltr'>superficics</span> <span class='ocrx_word' id='word_1_91' title='bbox 1358 888 1450 917; x_wconf 86' lang='lat' dir='ltr'>vero</span> 
     </span>
     <span class='ocr_line' id='line_1_12' title="bbox 149 932 1446 991; baseline 0.001 -13"><span class='ocrx_word' id='word_1_92' title='bbox 149 938 284 979; x_wconf 83' lang='lat' dir='ltr'>coniad</span> <span class='ocrx_word' id='word_1_93' title='bbox 302 936 533 990; x_wconf 76' lang='lat' dir='ltr'>superficiem</span> <span class='ocrx_word' id='word_1_94' title='bbox 550 936 704 986; x_wconf 79' lang='lat' dir='ltr'>cylindri</span> <span class='ocrx_word' id='word_1_95' title='bbox 721 935 789 976; x_wconf 88' lang='lat' dir='ltr'>erit</span> <span class='ocrx_word' id='word_1_96' title='bbox 806 945 851 976; x_wconf 86' lang='lat' dir='ltr'>vt</span> <span class='ocrx_word' id='word_1_97' title='bbox 867 943 883 987; x_wconf 49' lang='grc' dir='ltr'><strong><em>ἦ</em></strong></span> <span class='ocrx_word' id='word_1_98' title='bbox 900 943 960 983; x_wconf 67' lang='lat' dir='ltr'>—i-</span> <span class='ocrx_word' id='word_1_99' title='bbox 984 943 999 987; x_wconf 57' lang='grc' dir='ltr'>ξ</span> <span class='ocrx_word' id='word_1_100' title='bbox 1019 932 1059 976; x_wconf 76' lang='lat' dir='ltr'><strong><em>V</em></strong></span> <span class='ocrx_word' id='word_1_101' title='bbox 1083 947 1104 986; x_wconf 84' lang='lat'>5</span> <span class='ocrx_word' id='word_1_102' title='bbox 1128 938 1173 978; x_wconf 83' lang='lat' dir='ltr'>ad</span> <span class='ocrx_word' id='word_1_103' title='bbox 1192 940 1208 988; x_wconf 62' lang='grc' dir='ltr'>ξ</span> <span class='ocrx_word' id='word_1_104' title='bbox 1226 952 1281 978; x_wconf 72' lang='lat' dir='ltr'><strong><em>z</em></strong></span> <span class='ocrx_word' id='word_1_105' title='bbox 1306 951 1419 991; x_wconf 83' lang='lat'>1223</span> <span class='ocrx_word' id='word_1_106' title='bbox 1438 954 1446 980; x_wconf 76' lang='grc' dir='ltr'>ε</span> 
     </span>
     <span class='ocr_line' id='line_1_13' title="bbox 153 999 974 1053; baseline 0 -15"><span class='ocrx_word' id='word_1_107' title='bbox 153 1013 285 1053; x_wconf 83' lang='lat'><em>2400.</em></span> <span class='ocrx_word' id='word_1_108' title='bbox 350 999 418 1041; x_wconf 89' lang='lat' dir='ltr'>Est</span> <span class='ocrx_word' id='word_1_109' title='bbox 452 1010 595 1050; x_wconf 88' lang='lat'>2400:</span> <span class='ocrx_word' id='word_1_110' title='bbox 632 1011 745 1048; x_wconf 84' lang='lat'><strong>1223</strong></span> <span class='ocrx_word' id='word_1_111' title='bbox 773 999 816 1048; x_wconf 78' lang='grc'>&lt;</span> <span class='ocrx_word' id='word_1_112' title='bbox 840 1009 897 1046; x_wconf 85' lang='lat'>3:</span> <span class='ocrx_word' id='word_1_113' title='bbox 937 1012 974 1039; x_wconf 89' lang='lat'>1.</span> 
     </span>
    </p>

    <p class='ocr_par' dir='ltr' id='par_1_4' title="bbox 142 1069 1448 1246">
     <span class='ocr_line' id='line_1_14' title="bbox 262 1069 1448 1123; baseline 0.007 -11"><span class='ocrx_word' id='word_1_114' title='bbox 262 1073 338 1121; x_wconf 88' lang='lat' dir='ltr'>IV)</span> <span class='ocrx_word' id='word_1_115' title='bbox 371 1070 434 1111; x_wconf 84' lang='lat' dir='ltr'>Ad</span> <span class='ocrx_word' id='word_1_116' title='bbox 468 1069 758 1123; x_wconf 77' lang='lat' dir='ltr'>propositionem</span> <span class='ocrx_word' id='word_1_117' title='bbox 792 1082 828 1110; x_wconf 89' lang='lat' dir='ltr'>n.</span> <span class='ocrx_word' id='word_1_118' title='bbox 868 1081 907 1119; x_wconf 81' lang='grc'>5.</span> <span class='ocrx_word' id='word_1_119' title='bbox 946 1071 1244 1115; x_wconf 79' lang='lat' dir='ltr'>confirmandam</span> <span class='ocrx_word' id='word_1_120' title='bbox 1286 1075 1350 1118; x_wconf 83' lang='lat' dir='ltr'>fiat</span> <span class='ocrx_word' id='word_1_121' title='bbox 1382 1089 1448 1120; x_wconf 78' lang='lat' dir='ltr'>vas</span> 
     </span>
     <span class='ocr_line' id='line_1_15' title="bbox 147 1132 1445 1193; baseline 0.001 -17"><span class='ocrx_word' id='word_1_122' title='bbox 147 1136 398 1189; x_wconf 82' lang='lat' dir='ltr'>prismaticum</span> <span class='ocrx_word' id='word_1_123' title='bbox 434 1132 558 1171; x_wconf 72' lang='lat' dir='ltr'>bascos</span> <span class='ocrx_word' id='word_1_124' title='bbox 597 1133 789 1184; x_wconf 74' lang='lat' dir='ltr'>quadratae</span> <span class='ocrx_word' id='word_1_125' title='bbox 808 1165 818 1184; x_wconf 88' lang='lat'>‚</span> <span class='ocrx_word' id='word_1_126' title='bbox 869 1133 961 1173; x_wconf 78' lang='lat' dir='ltr'>latus</span> <span class='ocrx_word' id='word_1_127' title='bbox 1012 1135 1133 1175; x_wconf 63' lang='lat' dir='ltr'>hastos</span> <span class='ocrx_word' id='word_1_128' title='bbox 1163 1136 1207 1176; x_wconf 88' lang='lat' dir='ltr'>fit</span> <span class='ocrx_word' id='word_1_129' title='bbox 1245 1150 1314 1179; x_wconf 92' lang='lat'>10.</span> <span class='ocrx_word' id='word_1_130' title='bbox 1348 1141 1445 1193; x_wconf 83' lang='lat' dir='ltr'>poll,</span> 
     </span>
     <span class='ocr_line' id='line_1_16' title="bbox 142 1193 1446 1250; baseline 0.006 -13"><span class='ocrx_word' id='word_1_131' title='bbox 142 1198 300 1238; x_wconf 79' lang='lat' dir='ltr'>altitudo</span> <span class='ocrx_word' id='word_1_132' title='bbox 334 1196 438 1233; x_wconf 72' lang='lat' dir='ltr'>vnius</span> <span class='ocrx_word' id='word_1_133' title='bbox 470 1193 563 1245; x_wconf 85' lang='lat' dir='ltr'>poll.</span> <span class='ocrx_word' id='word_1_134' title='bbox 600 1202 640 1232; x_wconf 89' lang='lat' dir='ltr'>et</span> <span class='ocrx_word' id='word_1_135' title='bbox 674 1206 737 1233; x_wconf 79' lang='lat' dir='ltr'>vas</span> <span class='ocrx_word' id='word_1_136' title='bbox 770 1195 924 1235; x_wconf 80' lang='lat' dir='ltr'>alterum</span> <span class='ocrx_word' id='word_1_137' title='bbox 960 1196 1164 1250; x_wconf 88' lang='lat' dir='ltr'>cubicum,</span> <span class='ocrx_word' id='word_1_138' title='bbox 1214 1201 1315 1242; x_wconf 89' lang='lat' dir='ltr'>cuius</span> <span class='ocrx_word' id='word_1_139' title='bbox 1355 1202 1446 1246; x_wconf 82' lang='lat' dir='ltr'>latus</span> 
     </span>
    </p>
   </div>
   <div class='ocr_carea' id='block_1_4' title="bbox 139 1255 1443 1381">
    <p class='ocr_par' dir='ltr' id='par_1_5' title="bbox 139 1255 1443 1381">
     <span class='ocr_line' id='line_1_17' title="bbox 140 1255 1443 1323; baseline 0.005 -25"><span class='ocrx_word' id='word_1_140' title='bbox 140 1260 186 1300; x_wconf 79' lang='lat' dir='ltr'>sit</span> <span class='ocrx_word' id='word_1_141' title='bbox 217 1268 372 1312; x_wconf 76' lang='lat' dir='ltr'>quituor</span> <span class='ocrx_word' id='word_1_142' title='bbox 402 1255 595 1308; x_wconf 77' lang='lat' dir='ltr'>pollicum.</span> <span class='ocrx_word' id='word_1_143' title='bbox 664 1256 785 1297; x_wconf 85' lang='lat' dir='ltr'>Erunt</span> <span class='ocrx_word' id='word_1_144' title='bbox 817 1257 880 1298; x_wconf 88' lang='lat' dir='ltr'>hic</span> <span class='ocrx_word' id='word_1_145' title='bbox 914 1258 1120 1312; x_wconf 74' lang='lat' dir='ltr'>superficies</span> <span class='ocrx_word' id='word_1_146' title='bbox 1152 1274 1209 1301; x_wconf 68' lang='grc' dir='ltr'>Ξ</span> <span class='ocrx_word' id='word_1_147' title='bbox 1231 1276 1335 1315; x_wconf 85' lang='lat'>240:</span> <span class='ocrx_word' id='word_1_148' title='bbox 1356 1272 1443 1323; x_wconf 72' lang='lat'>963</span> 
     </span>
     <span class='ocr_line' id='line_1_18' title="bbox 139 1320 1441 1381; baseline 0.006 -19"><span class='ocrx_word' id='word_1_149' title='bbox 139 1322 356 1376; x_wconf 81' lang='lat' dir='ltr'>capacitates</span> <span class='ocrx_word' id='word_1_150' title='bbox 386 1331 440 1358; x_wconf 67' lang='lat' dir='ltr'>Z</span> <span class='ocrx_word' id='word_1_151' title='bbox 474 1331 576 1359; x_wconf 87' lang='lat'>100:</span> <span class='ocrx_word' id='word_1_152' title='bbox 602 1322 674 1370; x_wconf 84' lang='lat'>64.</span> <span class='ocrx_word' id='word_1_153' title='bbox 741 1320 808 1361; x_wconf 90' lang='lat' dir='ltr'>Est</span> <span class='ocrx_word' id='word_1_154' title='bbox 839 1333 930 1363; x_wconf 84' lang='lat' dir='ltr'>vero</span> <span class='ocrx_word' id='word_1_155' title='bbox 963 1335 1069 1373; x_wconf 83' lang='lat'>240:</span> <span class='ocrx_word' id='word_1_156' title='bbox 1089 1328 1151 1374; x_wconf 92' lang='lat'>96</span> <span class='ocrx_word' id='word_1_157' title='bbox 1172 1329 1215 1378; x_wconf 76' lang='grc'>&gt;</span> <span class='ocrx_word' id='word_1_158' title='bbox 1241 1340 1348 1370; x_wconf 90' lang='lat'>100:</span> <span class='ocrx_word' id='word_1_159' title='bbox 1368 1334 1441 1381; x_wconf 91' lang='grc'>64.</span> 
     </span>
    </p>
   </div>
   <div class='ocr_carea' id='block_1_5' title="bbox 125 1390 1441 1708">
    <p class='ocr_par' dir='ltr' id='par_1_6' title="bbox 125 1390 1441 1708">
     <span class='ocr_line' id='line_1_19' title="bbox 250 1390 1441 1455; baseline 0.007 -20"><span class='ocrx_word' id='word_1_160' title='bbox 250 1395 325 1435; x_wconf 76' lang='lat' dir='ltr'>Vei</span> <span class='ocrx_word' id='word_1_161' title='bbox 342 1395 388 1434; x_wconf 80' lang='lat' dir='ltr'>ad</span> <span class='ocrx_word' id='word_1_162' title='bbox 408 1393 706 1447; x_wconf 74' lang='lat' dir='ltr'>propositionem</span> <span class='ocrx_word' id='word_1_163' title='bbox 726 1390 739 1447; x_wconf 87' lang='lat'>(</span> <span class='ocrx_word' id='word_1_164' title='bbox 750 1396 836 1444; x_wconf 74' lang='lat'>714)</span> <span class='ocrx_word' id='word_1_165' title='bbox 854 1394 1155 1437; x_wconf 77' lang='lat' dir='ltr'>confirmandam</span> <span class='ocrx_word' id='word_1_166' title='bbox 1183 1403 1301 1452; x_wconf 77' lang='lat' dir='ltr'>parari</span> <span class='ocrx_word' id='word_1_167' title='bbox 1319 1403 1441 1455; x_wconf 90' lang='lat' dir='ltr'>potest</span> 
     </span>
     <span class='ocr_line' id='line_1_20' title="bbox 138 1457 1439 1517; baseline 0.005 -17"><span class='ocrx_word' id='word_1_168' title='bbox 138 1459 311 1501; x_wconf 86' lang='lat' dir='ltr'>cubicum</span> <span class='ocrx_word' id='word_1_169' title='bbox 346 1470 438 1510; x_wconf 64' lang='lat' dir='ltr'>VaS,</span> <span class='ocrx_word' id='word_1_170' title='bbox 474 1457 573 1498; x_wconf 81' lang='lat' dir='ltr'>cuius</span> <span class='ocrx_word' id='word_1_171' title='bbox 606 1457 696 1497; x_wconf 78' lang='lat' dir='ltr'>latus</span> <span class='ocrx_word' id='word_1_172' title='bbox 729 1471 770 1507; x_wconf 87' lang='lat'>4.</span> <span class='ocrx_word' id='word_1_173' title='bbox 808 1457 903 1510; x_wconf 89' lang='lat' dir='ltr'>poll.</span> <span class='ocrx_word' id='word_1_174' title='bbox 939 1467 976 1498; x_wconf 87' lang='lat' dir='ltr'>et</span> <span class='ocrx_word' id='word_1_175' title='bbox 1007 1458 1161 1500; x_wconf 86' lang='lat' dir='ltr'>alterum</span> <span class='ocrx_word' id='word_1_176' title='bbox 1207 1474 1272 1502; x_wconf 81' lang='lat' dir='ltr'>vas</span> <span class='ocrx_word' id='word_1_177' title='bbox 1303 1466 1439 1517; x_wconf 85' lang='lat' dir='ltr'>pariter</span> 
     </span>
     <span class='ocr_line' id='line_1_21' title="bbox 137 1520 1441 1580; baseline 0.006 -19"><span class='ocrx_word' id='word_1_178' title='bbox 137 1522 310 1562; x_wconf 87' lang='lat' dir='ltr'>cubicum</span> <span class='ocrx_word' id='word_1_179' title='bbox 343 1523 442 1561; x_wconf 88' lang='lat' dir='ltr'>cuius</span> <span class='ocrx_word' id='word_1_180' title='bbox 473 1521 566 1560; x_wconf 78' lang='lat' dir='ltr'>latus</span> <span class='ocrx_word' id='word_1_181' title='bbox 602 1533 670 1561; x_wconf 83' lang='lat'>10.</span> <span class='ocrx_word' id='word_1_182' title='bbox 705 1520 798 1574; x_wconf 85' lang='lat' dir='ltr'>poll.</span> <span class='ocrx_word' id='word_1_183' title='bbox 865 1521 949 1560; x_wconf 81' lang='lat' dir='ltr'>Erit</span> <span class='ocrx_word' id='word_1_184' title='bbox 981 1521 1086 1562; x_wconf 86' lang='lat' dir='ltr'>enim</span> <span class='ocrx_word' id='word_1_185' title='bbox 1119 1522 1208 1566; x_wconf 85' lang='lat' dir='ltr'>hinc</span> <span class='ocrx_word' id='word_1_186' title='bbox 1235 1525 1441 1580; x_wconf 87' lang='lat' dir='ltr'>superficies</span> 
     </span>
     <span class='ocr_line' id='line_1_22' title="bbox 125 1584 1439 1639; baseline 0.005 -13"><span class='ocrx_word' id='word_1_187' title='bbox 125 1585 342 1637; x_wconf 69' lang='lat' dir='ltr'>,capacitatis</span> <span class='ocrx_word' id='word_1_188' title='bbox 373 1586 529 1625; x_wconf 89' lang='lat' dir='ltr'>minoris</span> <span class='ocrx_word' id='word_1_189' title='bbox 561 1585 654 1624; x_wconf 80' lang='lat' dir='ltr'>vafis</span> <span class='ocrx_word' id='word_1_190' title='bbox 686 1585 731 1624; x_wconf 79' lang='lat' dir='ltr'>ad</span> <span class='ocrx_word' id='word_1_191' title='bbox 765 1584 999 1637; x_wconf 77' lang='lat' dir='ltr'>superficiem</span> <span class='ocrx_word' id='word_1_192' title='bbox 1033 1588 1245 1639; x_wconf 78' lang='lat' dir='ltr'>capacitatis</span> <span class='ocrx_word' id='word_1_193' title='bbox 1283 1591 1439 1632; x_wconf 83' lang='lat' dir='ltr'>maioris</span> 
     </span>
     <span class='ocr_line' id='line_1_23' title="bbox 136 1648 1434 1708; baseline 0.006 -21"><span class='ocrx_word' id='word_1_194' title='bbox 136 1648 227 1687; x_wconf 70' lang='lat' dir='ltr'>vatis</span> <span class='ocrx_word' id='word_1_195' title='bbox 259 1657 300 1687; x_wconf 89' lang='lat' dir='ltr'>vt</span> <span class='ocrx_word' id='word_1_196' title='bbox 332 1661 372 1697; x_wconf 86' lang='lat'>4.</span> <span class='ocrx_word' id='word_1_197' title='bbox 405 1648 449 1688; x_wconf 86' lang='lat' dir='ltr'>ad</span> <span class='ocrx_word' id='word_1_198' title='bbox 485 1657 556 1695; x_wconf 78' lang='lat'>25.</span> <span class='ocrx_word' id='word_1_199' title='bbox 594 1649 776 1701; x_wconf 79' lang='lat' dir='ltr'>capacitas</span> <span class='ocrx_word' id='word_1_200' title='bbox 808 1659 899 1688; x_wconf 83' lang='lat' dir='ltr'>vero</span> <span class='ocrx_word' id='word_1_201' title='bbox 931 1649 1088 1689; x_wconf 87' lang='lat' dir='ltr'>minoris</span> <span class='ocrx_word' id='word_1_202' title='bbox 1120 1649 1215 1690; x_wconf 82' lang='lat' dir='ltr'>vafis</span> <span class='ocrx_word' id='word_1_203' title='bbox 1246 1651 1292 1692; x_wconf 80' lang='lat' dir='ltr'>ad</span> <span class='ocrx_word' id='word_1_204' title='bbox 1325 1665 1434 1708; x_wconf 82' lang='lat' dir='ltr'>capa-</span> 
     </span>
    </p>
   </div>
   <div class='ocr_carea' id='block_1_6' title="bbox 134 1710 1432 1766">
    <p class='ocr_par' dir='ltr' id='par_1_7' title="bbox 134 1710 1432 1766">
     <span class='ocr_line' id='line_1_24' title="bbox 134 1710 1432 1766; baseline 0.003 -16"><span class='ocrx_word' id='word_1_205' title='bbox 134 1712 285 1751; x_wconf 80' lang='lat' dir='ltr'>citatem</span> <span class='ocrx_word' id='word_1_206' title='bbox 319 1711 467 1750; x_wconf 77' lang='lat' dir='ltr'>maioris</span> <span class='ocrx_word' id='word_1_207' title='bbox 500 1719 542 1751; x_wconf 89' lang='lat' dir='ltr'>vt</span> <span class='ocrx_word' id='word_1_208' title='bbox 580 1716 618 1751; x_wconf 92' lang='lat'>8.</span> <span class='ocrx_word' id='word_1_209' title='bbox 653 1711 698 1750; x_wconf 85' lang='lat' dir='ltr'>ad</span> <span class='ocrx_word' id='word_1_210' title='bbox 737 1721 836 1761; x_wconf 80' lang='grc'><strong>125.</strong></span> <span class='ocrx_word' id='word_1_211' title='bbox 899 1710 952 1752; x_wconf 90' lang='lat' dir='ltr'>Et</span> <span class='ocrx_word' id='word_1_212' title='bbox 987 1721 1130 1763; x_wconf 72' lang='lat'><em>2524.</em></span> <span class='ocrx_word' id='word_1_213' title='bbox 1169 1715 1213 1764; x_wconf 80' lang='grc'>&lt;</span> <span class='ocrx_word' id='word_1_214' title='bbox 1251 1726 1356 1766; x_wconf 82' lang='lat'>125:</span> <span class='ocrx_word' id='word_1_215' title='bbox 1394 1723 1432 1761; x_wconf 88' lang='lat'>8.</span> 
     </span>
    </p>
   </div>
   <div class='ocr_carea' id='block_1_7' title="bbox 127 1797 1433 2112">
    <p class='ocr_par' dir='ltr' id='par_1_8' title="bbox 127 1797 1433 2100">
     <span class='ocr_line' id='line_1_25' title="bbox 247 1797 1429 1859; baseline 0.009 -23"><span class='ocrx_word' id='word_1_216' title='bbox 247 1797 299 1851; x_wconf 87' lang='lat' dir='ltr'>V)</span> <span class='ocrx_word' id='word_1_217' title='bbox 333 1797 368 1837; x_wconf 91' lang='lat' dir='ltr'><strong>E</strong></span> <span class='ocrx_word' id='word_1_218' title='bbox 400 1809 438 1836; x_wconf 84' lang='lat' dir='ltr'>re</span> <span class='ocrx_word' id='word_1_219' title='bbox 472 1799 587 1836; x_wconf 80' lang='lat' dir='ltr'>etiam</span> <span class='ocrx_word' id='word_1_220' title='bbox 621 1798 706 1837; x_wconf 71' lang='lat' dir='ltr'>effizt</span> <span class='ocrx_word' id='word_1_221' title='bbox 742 1798 913 1839; x_wconf 79' lang='lat' dir='ltr'>adhibere</span> <span class='ocrx_word' id='word_1_222' title='bbox 946 1801 1028 1840; x_wconf 70' lang='lat' dir='ltr'>vassi</span> <span class='ocrx_word' id='word_1_223' title='bbox 1050 1833 1060 1852; x_wconf 86' lang='lat'>‚</span> <span class='ocrx_word' id='word_1_224' title='bbox 1095 1814 1252 1855; x_wconf 89' lang='lat' dir='ltr'>quorum</span> <span class='ocrx_word' id='word_1_225' title='bbox 1287 1807 1429 1859; x_wconf 83' lang='lat' dir='ltr'>capaci-</span> 
     </span>
     <span class='ocr_line' id='line_1_26' title="bbox 130 1859 1433 1920; baseline 0.005 -19"><span class='ocrx_word' id='word_1_226' title='bbox 130 1870 220 1902; x_wconf 79' lang='lat' dir='ltr'>tates</span> <span class='ocrx_word' id='word_1_227' title='bbox 251 1861 318 1901; x_wconf 80' lang='lat' dir='ltr'>sint</span> <span class='ocrx_word' id='word_1_228' title='bbox 350 1859 386 1899; x_wconf 85' lang='lat' dir='ltr'>in</span> <span class='ocrx_word' id='word_1_229' title='bbox 430 1861 570 1901; x_wconf 69' lang='lat' dir='ltr'>ratione</span> <span class='ocrx_word' id='word_1_230' title='bbox 618 1860 892 1912; x_wconf 84' lang='lat' dir='ltr'>superficierum</span> <span class='ocrx_word' id='word_1_231' title='bbox 941 1864 1191 1915; x_wconf 78' lang='lat' dir='ltr'>capacitatum</span> <span class='ocrx_word' id='word_1_232' title='bbox 1225 1878 1258 1904; x_wconf 86' lang='lat' dir='ltr'>e.</span> <span class='ocrx_word' id='word_1_233' title='bbox 1294 1880 1329 1920; x_wconf 87' lang='lat' dir='ltr'>g.</span> <span class='ocrx_word' id='word_1_234' title='bbox 1366 1881 1433 1910; x_wconf 82' lang='lat' dir='ltr'>vas</span> 
     </span>
     <span class='ocr_line' id='line_1_27' title="bbox 130 1919 1429 1987; baseline 0.006 -23"><span class='ocrx_word' id='word_1_235' title='bbox 130 1923 356 1977; x_wconf 83' lang='lat' dir='ltr'>sphaericum</span> <span class='ocrx_word' id='word_1_236' title='bbox 391 1919 471 1975; x_wconf 82' lang='lat' dir='ltr'>(C)</span> <span class='ocrx_word' id='word_1_237' title='bbox 506 1923 676 1962; x_wconf 70' lang='lat' dir='ltr'>dimetri</span> <span class='ocrx_word' id='word_1_238' title='bbox 712 1936 752 1973; x_wconf 83' lang='lat'>4.</span> <span class='ocrx_word' id='word_1_239' title='bbox 788 1923 882 1976; x_wconf 84' lang='lat' dir='ltr'>poll.</span> <span class='ocrx_word' id='word_1_240' title='bbox 917 1925 978 1963; x_wconf 81' lang='lat' dir='ltr'>vel</span> <span class='ocrx_word' id='word_1_241' title='bbox 1027 1937 1088 1965; x_wconf 78' lang='lat' dir='ltr'>vas</span> <span class='ocrx_word' id='word_1_242' title='bbox 1120 1928 1292 1969; x_wconf 89' lang='lat' dir='ltr'>cubicum</span> <span class='ocrx_word' id='word_1_243' title='bbox 1342 1928 1429 1987; x_wconf 89' lang='lat' dir='ltr'>(H)</span> 
     </span>
     <span class='ocr_line' id='line_1_28' title="bbox 128 1984 1425 2041; baseline 0.004 -14"><span class='ocrx_word' id='word_1_244' title='bbox 128 1988 230 2027; x_wconf 83' lang='lat' dir='ltr'>cuius</span> <span class='ocrx_word' id='word_1_245' title='bbox 260 1985 346 2025; x_wconf 78' lang='lat' dir='ltr'>latus</span> <span class='ocrx_word' id='word_1_246' title='bbox 378 1998 418 2034; x_wconf 90' lang='lat'>4.</span> <span class='ocrx_word' id='word_1_247' title='bbox 454 1984 546 2036; x_wconf 88' lang='lat' dir='ltr'>poll.</span> <span class='ocrx_word' id='word_1_248' title='bbox 584 1993 622 2024; x_wconf 88' lang='lat' dir='ltr'>et</span> <span class='ocrx_word' id='word_1_249' title='bbox 655 1998 718 2025; x_wconf 79' lang='lat' dir='ltr'>vas</span> <span class='ocrx_word' id='word_1_250' title='bbox 751 1986 992 2035; x_wconf 84' lang='lat' dir='ltr'>cylindricum</span> <span class='ocrx_word' id='word_1_251' title='bbox 1029 1985 1109 2041; x_wconf 90' lang='lat' dir='ltr'>(G)</span> <span class='ocrx_word' id='word_1_252' title='bbox 1149 1991 1310 2032; x_wconf 84' lang='lat' dir='ltr'>eiusdem</span> <span class='ocrx_word' id='word_1_253' title='bbox 1352 1995 1425 2035; x_wconf 84' lang='lat' dir='ltr'>dia-</span> 
     </span>
     <span class='ocr_line' id='line_1_29' title="bbox 127 2047 1425 2112; baseline 0.007 -23"><span class='ocrx_word' id='word_1_254' title='bbox 127 2050 236 2090; x_wconf 84' lang='lat' dir='ltr'>metri</span> <span class='ocrx_word' id='word_1_255' title='bbox 270 2058 307 2087; x_wconf 86' lang='lat' dir='ltr'>et</span> <span class='ocrx_word' id='word_1_256' title='bbox 338 2047 536 2088; x_wconf 75' lang='lat' dir='ltr'>altitudinis</span> <span class='ocrx_word' id='word_1_257' title='bbox 583 2060 670 2088; x_wconf 91' lang='lat' dir='ltr'>cum</span> <span class='ocrx_word' id='word_1_258' title='bbox 705 2048 789 2088; x_wconf 66' lang='lat' dir='ltr'>xasc</span> <span class='ocrx_word' id='word_1_259' title='bbox 839 2047 1028 2100; x_wconf 76' lang='lat' dir='ltr'>(phacuco</span> <span class='ocrx_word' id='word_1_260' title='bbox 1063 2052 1124 2091; x_wconf 57' lang='lat' dir='ltr'>iel</span> <span class='ocrx_word' id='word_1_261' title='bbox 1157 2052 1239 2092; x_wconf 71' lang='lat' dir='ltr'>mse</span> <span class='ocrx_word' id='word_1_262' title='bbox 1272 2055 1425 2112; x_wconf 81' lang='lat' dir='ltr'>cubico,</span> 
     </span>
    </p>
   </div>
   <div class='ocr_carea' id='block_1_8' title="bbox 126 2110 1426 2235">
    <p class='ocr_par' dir='ltr' id='par_1_9' title="bbox 126 2110 1426 2224">
     <span class='ocr_line' id='line_1_30' title="bbox 126 2110 1426 2174; baseline 0.006 -23"><span class='ocrx_word' id='word_1_263' title='bbox 126 2122 171 2153; x_wconf 55' lang='lat' dir='ltr'>xt</span> <span class='ocrx_word' id='word_1_264' title='bbox 203 2120 353 2166; x_wconf 78' lang='lat' dir='ltr'>pateat,</span> <span class='ocrx_word' id='word_1_265' title='bbox 386 2123 429 2150; x_wconf 80' lang='lat' dir='ltr'>an</span> <span class='ocrx_word' id='word_1_266' title='bbox 463 2120 632 2165; x_wconf 74' lang='lat' dir='ltr'>tempora</span> <span class='ocrx_word' id='word_1_267' title='bbox 665 2110 944 2163; x_wconf 78' lang='lat' dir='ltr'>refrigcmtionis</span> <span class='ocrx_word' id='word_1_268' title='bbox 976 2111 1049 2152; x_wconf 87' lang='lat' dir='ltr'>hoc</span> <span class='ocrx_word' id='word_1_269' title='bbox 1082 2114 1160 2156; x_wconf 80' lang='lat' dir='ltr'>casu</span> <span class='ocrx_word' id='word_1_270' title='bbox 1195 2116 1265 2159; x_wconf 86' lang='lat' dir='ltr'>fint</span> <span class='ocrx_word' id='word_1_271' title='bbox 1296 2131 1426 2174; x_wconf 79' lang='lat' dir='ltr'>aequa-</span> 
     </span>
     <span class='ocr_line' id='line_1_31' title="bbox 715 2171 1423 2235; baseline 0.009 -18"><span class='ocrx_word' id='word_1_272' title='bbox 715 2171 740 2217; x_wconf 83' lang='lat' dir='ltr'>S</span> <span class='ocrx_word' id='word_1_273' title='bbox 776 2187 799 2213; x_wconf 74' lang='lat'>2</span> <span class='ocrx_word' id='word_1_274' title='bbox 1345 2185 1423 2235; x_wconf 75' lang='lat' dir='ltr'>lia</span> 
     </span>
    </p>
   </div>
  </div>
 </body>
</html>
