1971 2700
484 228 577 277 348·
863 220 951 268 DE
983 216 1203 270 BESTIIS
1242 218 1518 266 MARINIS.

482 340 580 382 vltra
611 338 924 394 promontorium
957 336 1241 380 Kronozkiense
1271 346 1336 378 aut
1354 339 1490 379 ostium
1511 335 1800 383 Kamtl'chatkae

484 404 622 454 fluuii,
656 416 772 457 neque
797 404 995 443 orientem
1017 414 1184 456 petentes
1202 435 1213 454 ,
1248 414 1369 456 neque
1398 413 1626 444 reuertentes
1642 404 1802 445 domum

485 480 679 522 nunquam
714 476 967 520 apparerent,
1002 466 1203 507 neceffiirio
1233 466 1333 521 sequi
1371 478 1508 508 termm
1544 467 1705 519 aliquam
1736 466 1807 508 flue

483 533 743 573 coutinentem
757 561 767 579 ‚
803 530 877 571 siue
909 529 1035 571 insulas
1052 543 1074 570 e
1093 532 1250 584 regione
1269 532 1522 585 promontorii
1544 530 1808 572 Kronozkien-

484 595 528 636 fis
561 596 600 635 in
635 595 849 648 propinquo
878 593 960 636 fore
994 596 1101 635 terris
1133 594 1430 638 Kamtschaticis.

599 659 796 699 Animalia
830 657 923 700 haec
957 661 1054 700 inter
1087 661 1231 701 marina
1263 661 1461 715 amphibia
1481 660 1680 714 migrantia
1700 658 1809 711 sunt,

482 733 524 764 vt
557 723 696 763 anseres
716 756 726 774 ,
760 723 872 777 cygni
905 733 943 764 et
975 723 1067 764 aliae
1099 736 1185 764 aues
1219 727 1384 766 marinae
1417 727 1479 767 vel
1515 736 1552 764 vt
1587 725 1808 764 catanadro-

483 800 573 828 mae
601 796 740 828 truttae
776 788 872 827 inter
908 787 1048 841 pisces;
1082 787 1243 840 ilatides,
1264 791 1413 844 lepores
1445 801 1482 830 et
1513 801 1639 829 mures
1670 789 1731 829 liic
1751 788 1811 828 lo·

481 864 617 893 corum
651 853 750 892 inter
783 852 1049 905 quadrupeda:
1085 863 1128 892 vt
1162 852 1438 894 veroisatidum
1457 855 1635 907 migratio
1656 861 1812 907 propter

481 916 556 956 cibi
592 916 762 970 inopiam
786 941 797 963 ‚
834 916 961 955 auium
996 925 1034 955 et
1062 915 1224 968 <piscium
1260 918 1440 970 migratio
1475 920 1632 973 propter
1683 916 1813 956 exclu-

481 978 648 1021 dendum
695 979 841 1019 foetum
863 1011 874 1030 ,
919 989 1075 1032 propter
1126 978 1294 1020 securum
1330 983 1476 1022 veneris
1528 982 1653 1022 otium
1687 990 1724 1020 et
1759 980 1814 1021 ob

482 1045 773 1084 eneruationem
811 1043 972 1094 virium,
1010 1042 1227 1096 plumarum
1261 1044 1510 1086 reiectionem
1541 1055 1579 1086 et
1601 1045 1687 1086 inde
1718 1057 1812 1085 con·

484 1107 644 1148 tecutam
675 1107 880 1159 effugiendi
915 1107 1038 1147 hostes
1072 1107 1340 1160 impotentiam
1363 1136 1372 1158 ,
1395 1109 1535 1149 udonec
1581 1121 1701 1148 nouae
1735 1107 1815 1149 suc-

483 1169 668 1220 crescant,
695 1169 890 1221 'suscipitur‘
921 1180 966 1208 cti
988 1169 1050 1209 ›his
1079 1171 1661 1226 obtinendis¹¹finibiis‘eliguntur
1690 1171 1818 1212 solitu·v

483 1234 618 1285 dium,
661 1247 681 1273 a
723 1232 879 1286 piscibus
910 1233 1002 1273 lacus
1034 1233 1183 1285 quicti3
1214 1235 1281 1273 ‘ita'
1314 1235 1423 1276 ssmili
1468 1237 1613 1275 ratione
1641 1236 1689 1276 nb
1724 1234 1815 1276 vrsis

485 1298 636 1338 marinis
666 1296 852 1348 eliguntur
887 1297 1194 1348 septentrionalia
1228 1298 1307 1338 loca
1341 1306 1388 1337 et⁴
1412 1298 1571 1338 incultae
1604 1298 1676 1338 liae
1720 1298 1811 1338 insir-

484 1361 672 1406 laeiinter
706 1360 932 1400 American]
966 1369 1002 1398 et
1034 1359 1165 1398 Aliam
1203 1373 1348 1413 magno
1381 1373 1542 1402 numero
1576 1375 1594 1402 a
1629 1362 1745 1415 gradu
1764 1360 1815 1400 la-

484 1424 653 1466 titudinis
691 1435 760 1473 50
795 1423 842 1463 ad
877 1426 946 1472 56.
982 1422 1074 1462 sitae
1107 1423 1158 1462 ob
1192 1422 1379 1476 sequentes
1420 1425 1597 1465 rationes.

495 1491 502 1528 i
610 1486 666 1544 ιε)
702 1488 770 1529 Vt
789 1497 926 1528 matres
959 1485 1084 1526 iunio
1104 1486 1230 1527 menie
1265 1488 1409 1529 ibidem
1457 1489 1600 1542 paiiant
1637 1487 1815 1527 inconti-

486 1519 636 1605 nentes
662 1565 705 1593 ac
739 1551 823 1606 post
857 1561 1005 1606 partum
1039 1550 1151 1592 dulci·
1171 1560 1253 1591 otio
1293 1554 1390 1593 vires
1442 1563 1644 1606 reparent,
1695 1560 1819 1602 partus

487 1628 614 1659 autem
650 1616 700 1657 ibi
734 1617 911 1657 educatur
933 1647 943 1664 ‚
980 1617 1189 1668 nutriatur,
1221 1617 1404 1658 adolescat
1437 1610 1584 1656 tantum
1619 1618 1714 1656 intra
1743 1624 1818 1656 troe

489 1681 661 1733 menses,
697 1691 740 1721 vt
790 1690 962 1734 parentes
1003 1682 1172 1720 domum
1225 1691 1411 1721 autumno
1463 1691 1666 1720 reuertents
1719 1677 1818 1733 {equi

494 1746 626 1786 valeat.
695 1745 924 1787 Nutriuntur
954 1744 1064 1784 catuli
1098 1743 1195 1784 lacte
1240 1757 1417 1786 materno
1452 1757 1517 1798 per
1553 1757 1591 1784 2.
1646 1743 1815 1784 nicnses:

492 1810 601 1850 vbcra
637 1810 811 1852 matribus
847 1808 930 1849 bina
966 1807 1074 1860 sunt,
1110 1807 1254 1860 forma,
1289 1809 1549 1864 magnitudine
1583 1816 1623 1849 et
1643 1808 1707 1848 situ
1726 1817 1817 1847 cum

488 1874 687 1914 lutratrum
725 1874 907 1913 mammis
941 1872 1206 1913 conuenientia
1228 1905 1237 1923 ,
1291 1876 1392 1914 iuxta
1427 1872 1644 1926 pudendum
1691 1872 1816 1912 locan-

492 1947 566 1976 tur:
593 1939 736 1991 piriunt
769 1950 886 1977 vnum
922 1935 1167 1976 solummodo
1195 1938 1381 1988 catulum,
1402 1935 1578 1976 rarissime
1608 1936 1734 1976 binos:
1755 1947 1819 1976 ca-

492 2000 574 2038 tuli:
612 2002 690 2053 post
727 2011 874 2054 partum
908 2013 1043 2040 canum
1083 2012 1190 2040 more
1209 2001 1412 2040 funiculum
1442 2000 1702 2039 vniliilicalcin
1725 2001 1817 2040 den-

492 2063 587 2102 tibin
622 2066 888 2115 praenuntient
922 2074 960 2102 ct
993 2063 1327 2114 lingendo‚doncc
1362 2062 1548 2112 siccescat,
1570 2064 1612 2102 ad
1634 2064 1816 2105 cohiben-

491 2126 583 2166 dum
621 2127 835 2179 [inguinem
869 2125 1112 2174 demulcent,
1157 2127 1364 2166 secundinus
1389 2126 1594 2166 auidiii'uuc
1621 2129 1813 2168 deuorant.

495 2187 614 2232 Catuli
647 2191 838 2233 nascuntur
857 2190 974 2231 oculis
988 2189 1146 2244 apertis,
1178 2202 1219 2230 ac
1255 2191 1332 2231 iam
1369 2201 1451 2232 tuni
1486 2192 1583 2231 oculi
1606 2192 1813 2232 vitulorum

1688 2255 1815 2296 oculos
