1971 2700
180 164 274 209 MV
270 165 376 211 SCV
377 164 438 212 Ll
456 165 523 211 IN
542 161 798 208 PECTORE
814 160 1373 213 PRAETERNATVRAL.
1396 177 1480 214 261

177 294 253 323 non
286 282 332 322 ad
380 290 453 322 tres
499 279 632 321 duasne
664 288 770 318 veras
798 276 918 318 costas
935 309 947 330 ‚
981 275 1041 318 sed
1073 279 1204 320 omnia
1252 280 1300 321 ad
1335 293 1454 326 vnam
1473 313 1486 331 ,

177 346 320 386 sextam
354 345 469 385 solam
488 375 499 395 ,
548 341 748 397 pertinent.
829 337 955 395 Caput
1003 341 1147 397 quippe
1197 343 1456 387 breuiffimum
1474 380 1486 401 ‚

175 411 295 450 costae
326 408 499 462 septimae
527 405 782 458 cartilaginem
816 416 895 445 non
927 405 1048 446 modo
1089 409 1209 461 tegit,
1243 407 1302 448 sed
1319 440 1332 461 ,
1379 411 1487 464 supe·-

179 482 260 513 rato
307 471 450 524 insuper
499 468 716 526 intercostali
766 468 887 523 spatio
950 469 1094 510 costam
1139 470 1340 525 septimam
1390 474 1487 515 inter

178 546 217 577 et
248 536 387 576 sextam
406 567 418 586 ,
451 531 560 574 huius
592 533 752 586 margini
783 532 945 574 inferiori
978 532 1100 575 sterno
1132 536 1309 589 proxime
1330 568 1341 589 ‚
1374 545 1486 591 atque

174 600 255 641 inde
287 595 496 638 extrorsum
518 627 529 648 ,
563 596 744 638 inseritur.
811 595 908 638 Bina
937 596 1077 651 reliqua
1108 609 1282 641 extrema
1303 632 1314 652 ‚
1346 599 1484 643 iterum

174 675 285 717 aeque
333 661 444 714 longa
463 692 474 712 ‚
525 659 606 715 plus
623 694 634 713 ,
685 672 799 714 quam
841 661 880 701 in
913 661 1030 714 priori
1072 663 1197 703 tabula
1216 695 1228 714 ,
1276 664 1457 706 disiuncta
1473 697 1486 718 ,

174 728 312 768 nudam
344 723 564 778 transparere
598 724 720 766 sinunt
750 725 951 778 septimam
979 733 1021 764 et
1052 724 1194 766 sextam
1228 727 1371 768 costam
1392 761 1404 780 ,
1446 737 1485 769 et

168 793 272 833 iuxta
303 788 393 829 latus
441 785 572 842 prioris
620 789 755 829 deinde
787 786 865 842 pari
913 785 1030 841 gradu
1078 788 1335 830 adscendentia
1354 821 1365 840 ,
1396 792 1488 831 vlti-

172 866 241 896 mo
269 853 374 896 huius
405 852 562 905 margini
610 851 786 906 superiori
827 850 891 891 vel
919 850 1124 893 inseruntur
1142 885 1154 905 ‚
1203 851 1264 892 vel
1317 861 1483 895 truncata

171 919 296 959 eidem
326 925 570 971 apponuntur
591 949 601 969 ,
634 916 739 971 quod
773 926 894 969 neque
927 916 965 955 in
999 915 1066 956 hac
1099 915 1220 971 figura
1250 915 1334 960 satis
1373 917 1486 971 liqui·

168 982 221 1023 do
251 989 418 1035 apparet.
482 979 628 1021 Deficit
675 991 768 1034 ergo
816 979 855 1018 in
885 979 1004 1032 priori
1044 979 1162 1032 figura
1181 1011 1193 1031 ‚
1233 980 1273 1021 in
1305 988 1484 1022 extremo

169 1045 320 1086 musculi
352 1044 446 1084 rec‘ti
464 1043 675 1084 abdominis
704 1042 869 1083 minimo
901 1053 944 1082 ea
975 1042 1218 1096 longitudinis
1257 1055 1370 1097 pars,
1413 1056 1486 1097 qua

168 1107 275 1161 supra
306 1106 556 1159 cartilaginem
589 1105 712 1146 costae
744 1105 898 1145 ostauae
947 1106 994 1144 ad
1042 1106 1243 1158 septimam
1290 1107 1485 1160 exporrigi

169 1170 271 1211 solet.
334 1169 379 1209 In
411 1169 527 1208 altera
557 1176 689 1206 contra
737 1166 854 1207 cauda
904 1166 1060 1207 musculi
1108 1169 1271 1209 extremi
1320 1169 1484 1210 minima

169 1241 273 1273 tanto
303 1229 452 1282 longior
483 1229 535 1269 est
553 1260 564 1280 ‚
598 1237 732 1282 quanta
764 1229 873 1270 datur
901 1229 1069 1271 distantia
1101 1231 1199 1272 inter
1229 1230 1388 1274 limbum
1423 1233 1482 1274 in-

164 1293 339 1334 feriorem
371 1291 593 1346 cartilaginis
623 1292 743 1333 costae
775 1293 900 1333 sextae
933 1302 971 1334 et
1002 1295 1213 1348 marginem
1258 1295 1482 1337 inferiorem

164 1356 330 1398 eiusdem
371 1356 495 1396 costae
545 1354 727 1410 septimae
747 1389 758 1409 ,
809 1357 869 1398 cui
901 1356 1000 1399 foret
1033 1359 1247 1400 naturaliter
1274 1359 1479 1401 inserenda.

162 1418 210 1460 In
243 1419 387 1474 reliquis
420 1420 514 1460 binis
548 1420 759 1472 extremis,
789 1420 828 1460 in
858 1428 1020 1475 vtroque
1071 1422 1240 1463 musculo
1288 1423 1328 1463 id
1368 1435 1481 1476 prae-

165 1483 379 1525 ternaturale
430 1481 639 1524 obseruatur
655 1516 666 1535 ,
708 1484 808 1537 quod
841 1484 963 1524 ambo
994 1485 1091 1525 inter
1119 1486 1153 1525 se
1188 1485 1257 1526 fint
1281 1487 1445 1540 aequalia
1465 1519 1479 1539 ‚

98 1593 101 1597 .
165 1558 251 1586 cum
283 1557 481 1587 externum
513 1548 646 1588 medio
664 1556 772 1587 tanto
793 1547 937 1601 longius
954 1549 996 1589 fit
1014 1548 1248 1601 naturaliter,
1273 1558 1408 1602 quanta
1427 1550 1480 1590 est

166 1609 316 1651 insertio
332 1610 437 1651 altior
466 1612 563 1652 inter
594 1611 696 1652 binas
728 1611 856 1652 costas.
891 1611 999 1664 Ergo
1030 1612 1070 1651 in
1102 1613 1220 1665 priori
1254 1612 1375 1653 tabula
1407 1624 1479 1652 ex-

165 1683 333 1714 tremum
366 1675 533 1715 medium
567 1674 719 1715 musculi
767 1675 858 1715 recti
905 1684 1010 1715 tanto
1042 1675 1189 1715 breuius
1220 1675 1271 1716 est
1289 1709 1300 1727 ‚
1341 1686 1477 1729 quanta

165 1737 332 1777 distantia
351 1737 588 1778 intercostalis
620 1750 640 1778 a
673 1739 841 1791 margine
859 1737 1041 1792 superiore
1075 1739 1195 1780 costae
1221 1739 1403 1793 septimae
1429 1740 1476 1780 ad

166 1800 385 1842 inferiorem
403 1799 534 1839 sextae
550 1801 746 1840 intercedit
760 1815 773 1854 3
789 1810 1007 1842 extremum
1025 1811 1228 1842 externum
1249 1803 1476 1855 abreuiatur‚

165 1871 343 1919 quantum
376 1863 422 1902 ab
455 1863 595 1903 eodem
627 1862 716 1902 loco
744 1863 851 1903 distat
881 1876 1018 1918 margo
1052 1864 1204 1905 inferior
1221 1866 1344 1906 costae
1370 1866 1479 1919 quin-

164 1939 236 1970 tae.
302 1925 349 1966 In
376 1924 487 1965 altera
529 1935 659 1966 autem
700 1925 822 1966 tabula
873 1927 984 1968 cauda
1018 1928 1184 1968 eiusdem
1236 1930 1361 1970 media
1397 1938 1477 1969 tan-

165 2003 208 2031 to
241 1989 345 2031 altius
373 1989 587 2028 extenditur
606 2022 616 2039 ,
648 1999 783 2043 quanta
818 1989 870 2029 est
902 1990 1057 2031 latitudo
1089 1992 1313 2045 cartilaginis
1353 1993 1476 2033 costae

164 2056 298 2097 sextae.
359 2052 488 2093 Tertia
522 2062 647 2094 autem
667 2085 679 2106 ‚
711 2053 786 2093 siue
821 2063 973 2095 externa
991 2085 1002 2106 ‚
1036 2054 1152 2095 rursus
1168 2055 1337 2109 breuior,
1356 2069 1474 2109 quan-

738 2115 773 2158 K
805 2115 831 2158 k
866 2130 890 2170 3
1387 2129 1469 2160 tum
