1971 2700
359 368 407 407 fig.
436 345 465 399 8:

497 179 552 208 22
589 162 672 208 DE
702 153 1081 211 REDVCTIONE
1118 151 1439 204 LINEARVM
1486 151 1809 204 CVRVARVM

995 271 1209 330 Coroll.
1254 289 1318 347 4.

606 371 682 416 38.
718 363 756 404 Si
791 363 893 404 valor
925 360 1095 403 secundus
1127 361 1172 416 Q
1201 360 1245 400 sit
1278 369 1410 409 verus,
1441 366 1620 411 qnantum
1661 359 1808 410 primus

487 429 518 469 P
549 442 571 470 a
606 441 697 469 vero
729 429 791 468 vel
823 425 954 467 deficit
1006 425 1067 465 vel
1115 425 1265 464 excedit
1286 456 1296 475 ‚
1349 422 1588 462 tantumdem
1625 423 1808 474 quantitas

487 491 559 544 [Θ;
584 493 636 543 2]
664 493 820 532 excedet
855 489 913 528 rel
945 487 1126 541 iiipcrabit
1145 521 1156 540 ,
1190 487 1346 541 ideoque
1379 487 1602 539 quantitates
1632 484 1661 524 P
1691 479 1807 538 εἰη]

488 556 711 596 constituent
746 554 886 594 limites
907 583 918 602 ‚
953 553 1049 592 intra
1067 564 1160 605 quos
1177 551 1336 592 radiusr
1355 551 1601 590 contincatur.
1646 547 1809 590 Etiamsi

487 629 615 659 autem
651 618 700 673 Q
723 629 801 657 non
837 615 880 657 sit
911 627 1020 656 verus
1052 614 1188 666 valor,
1222 624 1350 654 tamen
1379 614 1463 667 quia
1517 613 1639 655 multo
1686 613 1809 653 minus

486 671 508 722 ξι
543 683 700 722 veritate
731 679 854 721 differt
888 691 1002 732 quam
1036 678 1065 719 P
1085 710 1095 730 ‚
1134 678 1290 720 medem
1341 679 1562 733 quantitates
1594 678 1622 719 P
1655 686 1694 716 et
1722 669 1807 728 [Ξ]

486 757 560 801 pro
590 744 772 787 limitibus
803 743 933 785 haberi
967 743 1127 797 poffiint.

985 801 1203 861 Coroll.
1254 822 1302 878 5.

606 906 680 944 39.
716 892 840 935 Simili
872 892 993 934 modo
1023 904 1115 932 cum
1149 891 1295 932 valores
1327 891 1453 933 traditi
1483 893 1667 933 continuo
1714 901 1809 943 pro--

485 961 570 1016 pius
602 960 647 999 ad
686 960 887 998 veritatem
923 956 1101 996 accedant
1119 987 1130 1006 ,
1172 955 1375 1009 (eriemque
1418 956 1528 998 valde
1576 965 1811 1008 conucrgen-

487 1036 567 1065 tem
600 1022 827 1064 constituant
848 1055 860 1073 ,
896 1020 1032 1060 limites
1064 1030 1212 1073 quoque
1243 1027 1379 1060 eruut:

486 1095 873 1157 Qct;[}]-i—:[
899 1089 968 1159 22]

483 1171 1142 1241 Ret;[3]÷;[³.-⁰]-÷-÷[⁵-.⁹
1169 1170 1441 1242 ΗΜ]

485 1256 599 1310 hique
634 1257 774 1301 limites
804 1258 983 1298 continuo
1016 1260 1067 1300 ita
1102 1259 1228 1300 multo
1268 1259 1364 1300 fiunt
1414 1259 1620 1312 arctiores,
1651 1267 1696 1300 vt
1714 1269 1812 1299 mox

480 1321 695 1364 differentia
726 1321 791 1363 fiat
822 1321 1043 1364 insensibilis.

1023 1383 1311 1448 Scholion.

604 1484 677 1523 40.
714 1472 797 1514 Hos
826 1473 985 1514 eosdem
1018 1484 1145 1515 autem
1179 1475 1321 1515 limites
1353 1474 1507 1528 praebet
1524 1481 1652 1514 motus
1682 1480 1816 1525 repto-

486 1536 559 1576 rius
591 1534 724 1576 Celeb.
764 1535 824 1576 10.
884 1535 1123 1579 Bernoullii:
1196 1537 1341 1592 eiusque
1393 1550 1487 1592 ergo
1545 1535 1813 1578 admirabilem

487 1598 595 1639 vsum
629 1599 691 1639 hic
725 1612 774 1639 cx
797 1599 887 1641 ·s010
919 1601 1059 1642 calculo
1094 1603 1142 1642 ita
1174 1603 1368 1642 elicuimus
1387 1635 1397 1653 ,
1431 1613 1475 1642 vt
1507 1602 1625 1641 ctiam
1650 1633 1660 1651 ,
1696 1601 1721 1641 si
1753 1599 1812 1640 di-

486 1663 582 1703 visio
621 1676 724 1703 arcus
766 1676 843 1703 non
887 1677 952 1718 per
992 1667 1185 1706 continuas
1223 1665 1444 1706 bist-stiones
1486 1665 1720 1715 instituatur,
1755 1673 1811 1703 ta-

484 1738 577 1767 men
611 1727 758 1780 semper
788 1728 967 1782 applicari
1001 1730 1113 1783 polilt
1135 1763 1144 1781 ‚
1180 1731 1336 1784 ideoque
1369 1729 1491 1770 multo
1531 1730 1637 1769 latius
1678 1737 1810 1767 exten·

484 1790 620 1831 datur:
654 1804 772 1845 neque
821 1793 937 1832 etiam
973 1792 1048 1834 hoc
1091 1794 1206 1848 paeto
1244 1795 1292 1835 de
1332 1795 1476 1834 mtionc
1497 1825 1508 1843 ,
1541 1804 1612 1845 qua
1654 1800 1810 1831 motum

483 1855 693 1907 reptorium
736 1856 906 1895 adornari
957 1859 1136 1898 conuenit
1155 1891 1166 1909 ,
1217 1857 1393 1897 sollicitos
1422 1869 1491 1897 nos
1525 1856 1594 1895 esse
1613 1866 1708 1908 opus
1725 1853 1777 1892 est
1802 1884 1813 1905 ,

482 1918 583 1972 quod
618 1920 813 1972 negotium
847 1920 936 1960 alias
970 1933 1047 1961 non
1082 1933 1215 1975 parum
1265 1920 1433 1961 solertiae
1465 1918 1631 1971 requirit.

941 1987 1253 2044 Problema.
1301 2004 1364 2061 4.

598 2086 671 2124 4¹-
708 2073 900 2126 Proposita
935 2074 1051 2127 ellipsi
1085 2087 1298 2129 quacunque
1342 2074 1504 2114 inuenire
1549 2073 1692 2114 radium
1736 2074 1813 2114 ci'r-

485 2137 700 2191 cu1i,cuius
728 2138 939 2194 peripheria
973 2138 1014 2181 sit
1048 2140 1206 2194 aequalis
1223 2140 1403 2195 proxime
1422 2139 1635 2195 perime-tro
1660 2138 1811 2190 ellipsis.

1642 2200 1804 2246 Solutio.
