1971 2700
474 169 555 213 DE
585 161 800 213 BESTIIS
832 164 1096 216 MAR1N18.
1340 176 1430 223 3'87

123 300 182 330 *eo
210 286 297 328 loco
320 280 607 325 Kamtschaticis
636 280 742 321 valde
782 280 912 322 vicinis
929 313 940 333 ,
990 282 1055 322 vbi
1104 279 1191 336 capi
1236 285 1433 335 quotannis

128 352 294 392 soleant:
325 345 494 388 orientali
531 353 657 384 ventos
695 343 836 395 hyeme
867 357 937 398 per
985 344 1137 386 biduum
1184 344 1342 399 spirante
1388 348 1430 388 iu

132 414 249 468 glacie
292 409 446 450 iacentia
478 417 550 448 vna
581 417 668 448 cum
698 406 823 461 glacie
859 407 1090 449 aduehuntur
1126 417 1176 450 ⁴et
1207 409 1401 462 capiuntur
1418 442 1431 461 ,

132 487 226 529 quae
255 484 350 513 vero
362 478 533 511 mortem
547 469 693 522 hyeme
722 470 902 524 effiigiunt
919 503 931 522 ‚
963 471 1096 511 aestate
1113 471 1211 513 circa
1227 482 1431 527 praerupta

124 547 171 577 'et
202 535 321 578 Faxofiz
351 533 458 574 litora
489 532 762 574 Kamtschatica
791 543 830 574 et
846 532 1185 576 infir-lasKurillicas
1210 534 1399 576 versantur
1418 563 1430 579 .

124 601 278 654 pariunt
298 629 310 650 ,
341 596 551 649 ibidemque
577 605 741 637 manent
762 627 774 648 ,
806 596 858 638 ob
892 596 928 637 id
962 597 1061 651 quod
1094 598 1258 640 natando
1295 611 1429 652 parum

122 663 253 704 ‘valent
269 694 280 714 ,
304 672 377 700 nec
407 659 459 700 ob
490 659 658 700 foramen
690 659 795 699 ouale
835 660 957 700 cordis
996 660 1167 701 clausum
1218 674 1323 702 mare
1355 671 1430 702 tra-

123 736 254 766 ,nantes
283 723 428 764 vietum
461 722 498 762 in
530 722 721 775 profundo
751 733 922 774 quaerere
941 752 953 770 ,
994 723 1057 763 vel
1087 724 1256 764 ›inediam
1280 738 1346 778 per
1363 725 1427 764 tri-

122 787 242 829 duum
273 795 334 828 aut
363 784 594 840 quatriduum
619 785 787 825 ⁴tolerare
827 783 1018 837 'po'ss'unt'3
1069 785 1172 826 Hinc
1205 795 1245 825 et
1278 787 1428 826 venatio

121 849 268 891 illarum
317 848 393 889 talis
420 848 504 900 est,
543 856 588 888 ‘vt
619 847 646 888 fi
678 846 814 898 hyems
848 845 978 899 gelida
998 877 1009 898 ,
1057 848 1189 901 glacies
1239 848 1352 890 multa
1386 860 1429 889 ae

125 911 264 967 saepius
306 911 514 953 aduehatur
531 943 543 962 ‚
590 911 768 951 lutrarum
801 921 881 950 non
915 918 1061 950 tantum
1094 911 1203 964 copia
1255 912 1320 963 ΙΨ(
1331 924 1395 952 me
1413 943 1426 963 ,

116 974 183 1015 sed
214 985 251 1016 et
281 987 303 1016 a
334 975 477 1016 residuis
493 973 628 1014 aestate
657 973 835 1014 habeatur
853 1005 864 1025 ‚
914 981 952 1012 et
986 972 1070 1012 vice
1114 974 1213 1014 versa
1244 975 1291 1014 ab
1325 986 1427 1015 anno

122 1046 242 1086 1740
294 1038 340 1078 ad
393 1046 508 1085 1743
545 1037 679 1089 frigora
709 1036 774 1077 hic
806 1036 974 1076 locorum
1001 1034 1104 1076 nulla
1127 1035 1281 1078 'fuerunt
1298 1070 1309 1088 ,
1345 1037 1427 1078 nul-

115 1098 228 1152 ·laque
257 1099 390 1153 glacies
414 1099 583 1153 generari
615 1099 710 1138 circa
760 1099 865 1138 litora
895 1107 933 1136 et
965 1097 1037 1136 huc
1083 1098 1216 1137 aduehi
1265 1100 1392 1151 potuit
1411 1130 1425 1150 ,

119 1170 316 1215 propterea
351 1170 390 1199 et
427 1161 697 1211 lutraepaucae
718 1168 766 1198 et
798 1159 949 1198 venatio
965 1158 1174 1199 admodum
1192 1172 1303 1214 parca
1338 1160 1422 1206 suit.

221 1284 334 1327 Loca
368 1293 524 1340 propter
555 1285 795 1328 venationem
829 1286 1008 1328 lutrarum
1041 1286 1199 1328 celebria
1239 1286 1319 1329 sunt
1369 1289 1415 1330 ab

102 1347 208 1390 *ostio
237 1348 502 1390 Kamtschatka
551 1361 667 1402 vsque
708 1351 754 1391 ad
788 1349 1038 1391 Tschaschma
1071 1361 1155 1390 ante
1193 1363 1248 1391 20
1302 1365 1418 1394 annos

105 1411 230 1464 magis
259 1422 371 1465 quam
405 1410 510 1451 vllibi
542 1411 661 1463 alibi,
694 1414 770 1453 iam
804 1424 894 1452 vero
926 1424 1009 1452 raro
1041 1421 1081 1452 et
1099 1414 1302 1455 admodum
1333 1429 1416 1468 par-

91 1484 158 1513 -ce
178 1505 189 1524 ,
224 1473 481 1527 frequentiores
513 1474 588 1514 iam
621 1475 716 1515 circa
751 1476 1058 1529 promontorium
1093 1476 1285 1518 Kronozki
1307 1511 1316 1528 ,
1352 1480 1416 1532 qui

112 1535 212 1576 locus
243 1537 323 1588 post
355 1537 489 1576 ostium
521 1537 809 1579 ‘Kamtscharkae
850 1538 950 1577 fluuii
1000 1538 1153 1578 celebris
1195 1541 1341 1591 euasit,
1375 1550 1414 1581 et

112 1598 163 1637 ibi
196 1599 271 1638 iam
304 1598 426 1638 meffis
459 1601 605 1652 parcior
646 1601 768 1641 euasit.
835 1599 943 1640 Circa
985 1601 1221 1643 Ostrownaia
1242 1636 1252 1654 ,
1289 1603 1410 1644 smum

112 1661 225 1700 maris
272 1660 609 1714 Awatschienfem,
660 1664 965 1716 promontorium
1018 1664 1183 1716 Lapatka
1203 1698 1213 1716 ‚
1262 1674 1300 1705 et
1340 1676 1411 1707 tres

110 1722 252 1774 priores
283 1723 472 1763 Kurillicas
501 1724 624 1765 insulas
650 1728 814 1768 multum
850 1729 925 1766 iam
961 1729 1220 1779 frequentiores
1260 1730 1410 1781 capiun-

109 1792 169 1823 tur
200 1796 309 1836 quam
341 1794 443 1825 antea
458 1799 474 1824 ·:
511 1785 791 1828 Penschinicum
824 1800 927 1828 mare
960 1801 1035 1828 non
1067 1791 1202 1830 intrant
1221 1823 1231 1841 ,
1275 1804 1410 1842 quam-

109 1847 166 1886 vis
196 1846 334 1886 ibidem
369 1843 567 1886 Gammari
599 1858 638 1887 et
670 1851 804 1903 reliqua
840 1850 1038 1900 conchylia
1079 1852 1105 1891 st
1137 1865 1213 1892 non
1267 1855 1407 1896 maiori

111 1909 246 1948 eodem
260 1918 394 1949 *tamen
415 1921 575 1949 numero
608 1911 805 1962 habentur,
837 1924 948 1965 quam
977 1915 1020 1952 -in
1053 1914 1331 1956 Kamtschatico
1360 1919 1404 1958 li·

106 1981 188 2011 tore
207 2003 217 2022 ,
253 1984 363 2024 quare
394 1973 611 2018 veroebvltra
640 1983 715 2013 tres
748 1975 873 2015 insulas
906 1977 1104 2017 anteriores
1121 1978 1310 2019 Kurillicas
1326 1993 1402 2020 non

107 2034 413 2086 progrediantur,
444 2047 530 2075 cum
563 2036 610 2077 a'b
642 2049 717 2077 vna
751 2038 796 2078 ad
827 2039 980 2079 alteram
1023 2038 1132 2081 facile
1185 2054 1302 2095 vsque
1355 2044 1401 2084 ad

104 2095 300 2150 Iaponiam
330 2098 524 2152 peruenire
556 2098 687 2154 poffint
708 2129 719 2149 ‚
771 2100 954 2153 triplicem
1001 2104 1161 2157 agnoscit
1194 2106 1393 2145 rationem.

659 2159 693 2202 C
724 2174 744 2203 c
778 2176 798 2205 c
836 2175 857 2202 2
1222 2167 1395 2214 1.)Lco-
