1971 2700
340 1501 408 1532 Tab.
433 1504 486 1532 111.

535 194 618 221 122
772 173 1134 222 ATMOMETRI
1161 170 1562 220 CONSTRVC‘TIO
1592 188 1660 222 cet.

645 298 680 346 §.
704 308 743 334 2.
776 291 877 334 Cum
912 304 961 333 ex
994 291 1230 346 inquisitione
1263 302 1348 330 mea
1380 291 1418 330 in
1452 291 1574 344 legem
1595 322 1605 341 ‚
1644 293 1843 334 secundum

530 372 643 414 quam
677 359 780 400 calor
814 352 917 398 ‘fluidi
965 356 1093 397 crescit
1142 355 1207 395 vel
1239 353 1411 395 decrescit
1452 356 1487 394 in
1521 355 1699 397 constanti
1749 360 1844 399 aeris

530 425 716 478 temperie
734 455 746 474 ‚
779 432 906 475 pateat
927 453 938 471 ,
972 432 1022 459 eo
1056 420 1184 459 minus
1213 415 1289 457 effe
1324 420 1609 459 decrementum
1631 452 1641 471 ,
1664 432 1741 473 quo
1759 434 1840 462 ma-

533 489 591 537 ior
622 488 677 527 est
709 483 830 526 maffa
861 495 979 537 aquae
1012 492 1052 522 et
1083 495 1158 536 quo
1191 482 1322 522 minor
1351 484 1404 523 est
1436 485 1514 523 eius
1543 483 1754 537 iuperficies
1788 486 1847 526 in-

532 551 678 604 fignem
711 546 873 589 maffam
905 558 1022 600 aquae
1040 579 1051 598 ,
1081 547 1242 599 exiguae
1285 546 1487 601 superficiei
1509 579 1520 598 ,
1552 548 1598 587 ad
1613 550 1845 601 euaporatio-

532 627 622 654 nem
684 623 880 666 exponere
929 609 1131 661 constitui,
1181 620 1227 649 vt
1267 612 1492 666 temperiem
1543 623 1657 665 aquae
1707 611 1847 653 seruare

532 674 683 732 poffem
718 675 948 716 constantem
982 686 1053 728 per
1081 673 1280 715 modicum
1311 677 1495 730 temporis
1534 675 1782 716 interuallum.

649 773 683 820 §.
710 784 746 809 2.
785 770 848 811 Ex
878 770 1155 823 experimentis
1187 770 1324 825 (hepius
1356 771 1527 811 institutis
1561 772 1723 811 innotuit
1764 783 1850 825 par-

533 835 677 876 ciorem
713 832 790 874 effe
824 833 1138 887 euaporationem
1172 845 1210 875 et
1242 836 1362 888 {ongo
1412 835 1603 903 temporis
1652 836 1852 877 interuallo

534 911 612 940 non
645 898 809 952 superare
842 909 958 950 pauca
998 910 1108 950 gmm
1127 929 1138 948 ,
1173 898 1199 938 s1
1231 899 1432 951 temperies
1480 896 1596 953 a'quae
1647 911 1854 952 euaporan·

534 963 603 1004 dae
634 961 910 1015 adpropinquat
942 960 1140 1012 temperiei
1171 962 1286 1012 a‘c'ris,
1319 961 1535 1002 machinam
1570 964 1683 1016 igitur
1711 974 1854 1017 euapo-

534 1026 670 1067 rationi
710 1035 827 1079 aquae
880 1021 1139 1062 mensurandae
1186 1021 1442 1064 inseruientem
1484 1026 1536 1066 ita
1567 1027 1854 1067 construendam

534 1091 666 1144 putaui
717 1098 761 1128 vt
812 1097 1017 1142 paucorum
1066 1097 1272 1140 granorum
1322 1086 1610 1130 decrementum
1674 1087 1856 1131 obseram

535 1151 666 1209 poffit.

653 1248 689 1297 ς.
713 1258 756 1296 3.
787 1244 889 1288 Cum
921 1247 1080 1301 denique
1108 1244 1380 1288 difficillimum
1412 1247 1486 1299 fit,
1519 1246 1629 1288 sunu!
1666 1246 1858 1291 obffimare

535 1321 579 1353 et
610 1313 720 1354 srmul
748 1311 1024 1365 experimento
1056 1310 1310 1364 persequendo
1343 1313 1529 1351 intentum
1559 1310 1631 1350 ess‘e
1650 1343 1660 1360 ,
1694 1311 1859 1363 praeser-

538 1378 612 1417 n'm
643 1376 671 1417 fi
707 1375 811 1429 plum
843 1375 1055 1428 peragenda
1083 1372 1194 1425 sunt,
1229 1374 1450 1413 machinam
1481 1373 1529 1415 fic
1563 1374 1737 1414 instrucoe
1773 1374 1859 1415 vol-

538 1440 581 1479 vi
603 1471 615 1490 ,
650 1449 696 1479 vt
729 1438 975 1480 obseruationi
1006 1437 1117 1478 vnice
1147 1449 1280 1477 vacare
1312 1435 1476 1491 possem.

661 1503 696 1553 ξ.
716 1516 760 1553 4.
796 1503 874 1544 Has
905 1503 1004 1556 leges
1036 1500 1254 1543 machinam
1297 1501 1576 1542 construcstums
1605 1499 1703 1540 mibi
1752 1512 1861 1556 prae·

544 1567 699 1607 scribens
732 1568 918 1620 concepi,

667 1628 708 1683 1)
744 1630 822 1669 Vas
858 1628 1105 1680 cylinfficum
1152 1625 1315 1668 GIKH
1335 1660 1346 1679 ,
1379 1638 1419 1667 et
1449 1627 1545 1668 circa
1581 1628 1738 1680 parietes
1768 1628 1865 1671 vafis

543 1703 616 1734 tres
656 1693 718 1733 vel
748 1702 908 1746 quatuor
954 1691 1091 1745 regulas
1138 1691 1328 1731 verticalcs
1375 1692 1411 1731 in
1458 1691 1598 1745 aequali
1631 1705 1652 1732 a
1700 1693 1738 1732 se
1770 1705 1861 1733 mu-

548 1767 613 1797 tuo
648 1768 687 1797 et
716 1757 781 1796 axi
811 1756 903 1796 vafis
934 1755 1101 1796 distantia
1133 1754 1300 1795 firmatas
1332 1769 1395 1795 aa
1416 1787 1426 1806 ,
1458 1756 1541 1806 bb,
1573 1765 1645 1795 etc.
1681 1757 1783 1797 etin
1802 1757 1859 1797 di-

547 1821 662 1861 verfis
691 1832 712 1859 a
747 1819 861 1860 fimdo
890 1819 984 1859 vafis
1015 1819 1194 1860 distantiis
1222 1817 1466 1859 foraminibus
1505 1820 1684 1872 praeditas
1702 1852 1713 1872 ,
1752 1829 1860 1860 rotu-

549 1885 599 1925 las
630 1885 728 1925 citca
762 1895 851 1924 axes
882 1882 1041 1923 mobiles
1069 1896 1138 1934 cc,
1170 1880 1259 1933 dd,
1292 1895 1368 1935 ee,
1429 1883 1466 1938 f
1487 1891 1545 1922 etc
1581 1883 1860 1934 recipientibus,

668 1948 711 2001 2)
747 1947 823 1988 Vas
852 1946 1103 1998 cylindricum
1135 1943 1304 1987 CEDF
1339 1947 1495 1985 clunium
1535 1944 1581 1983 ab
1617 1953 1770 1999 vtmque
1789 1958 1862 1986 ex-

548 2011 733 2050 tremitate
777 2023 828 2050 cx
868 2011 967 2050 tcnui
1010 2009 1147 2048 lamina
1197 2006 1378 2047 metallica
1426 2005 1662 2047 fibrcffidhlm
1691 2040 1702 2059 ‚
1743 2021 1777 2048 e.
1821 2021 1861 2063 g.

548 2071 648 2111 cuius
678 2074 813 2126 digitus
843 2073 1031 2128 quadmtus
1064 2069 1193 2112 Lond.
1225 2081 1304 2112 non
1338 2071 1498 2111 excedat
1514 2070 1659 2126 pondus
1691 2074 1750 2112 60
1777 2085 1861 2127 gra-

548 2146 709 2189 norum,

1801 2201 1858 2251 (a
