1971 2700
482 213 579 264 4³0
773 191 1121 244 METRODVS
1160 190 1532 241 OBSERVANm

484 315 592 372 poris
609 347 622 368 ‚
650 313 713 357 stu
746 313 902 356 durante
932 313 1194 355 obseruatione
1226 311 1383 365 phaseos
1416 309 1532 352 faetus
1563 320 1637 365 pro
1669 312 1820 364 aequali*

487 379 625 422 affumi
658 379 780 433 potest
812 379 939 418 motui
967 377 1092 418 centri
1122 374 1226 418 Solis
1247 408 1258 427 ,
1288 376 1400 431 idque
1431 375 1592 417 sineullo
1621 386 1747 414 errore
1772 375 1816 418 in

487 445 692 487 corollariis
732 441 821 481 inde
862 440 1088 481 deducendis
1136 439 1351 494 assignando
1370 473 1381 493 ‚
1432 441 1574 495 quippe
1605 439 1669 492 qui
1685 450 1818 481 reuera

487 512 538 551 ita
570 507 603 546 se
637 505 752 546 habet
772 538 784 558 ‚
816 515 857 545 et
886 516 1065 559 ternpore
1096 505 1267 546 ,transitus
1298 503 1396 546 Solis
1441 518 1512 560 per
1543 515 1725 557 campum
1760 512 1816 544 tu-

487 573 528 614 bi
562 569 660 612 nulla
681 603 693 623 ,
726 569 788 610 vel
821 582 898 610 non
939 569 1004 612 nifi
1037 568 1183 625 prorsus
1214 570 1496 618 contemnenda
1536 568 1744 610 differentia
1776 569 1820 609 in

488 632 601 679 rnotu
635 647 769 676 eorum
803 634 989 676 obieruari
1008 667 1020 688 ‚
1054 635 1164 689 idque
1196 635 1395 676 rarissime.
1418 644 1566 676 tantum
1586 667 1597 685 ,
1644 642 1688 673 et
1717 630 1822 674 diffi-

489 693 633 742 cillime
665 700 801 757 potest.
838 699 983 756 Quodsi
1021 701 1148 755 itaque
1188 701 1444 754 concipiamus
1492 700 1628 741 lineam
1660 698 1733 751 dg
1752 730 1762 749 ,
1793 709 1820 738 a

488 766 634 820 puncto
672 765 705 806 d
734 764 872 806 eadem
913 765 1101 805 celeritate
1133 764 1345 818 percutiam
1379 763 1450 804 ess‘e
1468 796 1481 815 ‚
1540 777 1611 817 qua
1643 772 1820 803 centrum

488 829 586 872 Solis
618 830 658 870 in
690 830 821 870 diurno
861 828 925 870 suo
957 829 1168 869 incedendo
1208 829 1420 869 distantiam
1453 826 1483 870 h
1507 828 1544 882 f
1567 840 1618 868 ex
1648 825 1821 867 obieruaa

490 895 596 935 tione
628 890 733 943 §3¹¹³
776 894 962 947 percurrit
981 924 993 945 ,
1025 894 1170 947 poterit
1199 891 1278 934 hoc
1311 892 1434 935 modo
1462 893 1656 933 inclinatio
1702 890 1823 932 etiam

483 957 656 1001 chordae
683 957 893 1005 „defec‘tiuae
919 958 971 1003 ,ad
999 958 1183 1003 diurnum
1211 955 1318 1000 Solis
1345 957 1604 999 determinari.
1642 956 1689 997 In
1709 955 1824 996 trian-

490 1023 580 1076 gulo
614 1034 758 1078 nempe
773 1022 993 1076 ,reetangulo
1019 1036 1050 1076 g
1066 1021 1094 1064 h
1111 1022 1140 1062 d
1158 1053 1169 1073 ‚
1199 1021 1298 1062 datis
1314 1021 1490 1064 interibis
1521 1021 1550 1064 h
1567 1022 1595 1063 d
1612 1054 1622 1073 ,
1655 1032 1696 1061 et
1718 1031 1750 1073 g
1767 1018 1795 1059 d
1812 1049 1825 1070 ,

489 1088 650 1128 summis
683 1100 824 1141 nempe
854 1087 1037 1128 linearum
1074 1085 1146 1142 hs
1171 1096 1209 1127 et
1232 1086 1270 1142 s
1276 1086 1306 1127 d
1323 1117 1333 1136 ‚
1359 1098 1429 1140 ge
1465 1095 1503 1125 et
1535 1099 1555 1126 e
1574 1086 1603 1126 d
1631 1084 1739 1138 supra
1755 1082 1826 1123 da·

486 1161 617 1195 ,tarum
638 1182 648 1200 ,
681 1150 889 1190 inueniatur
920 1151 1075 1203 angulus
1107 1149 1133 1189 h
1142 1165 1174 1204 g
1192 1151 1221 1190 d
1237 1182 1248 1201 ‚
1278 1150 1330 1190 ob
1365 1149 1656 1202 pamllelismum
1709 1148 1827 1188 linea—

490 1213 577 1254 rum
611 1213 699 1254 ΑΕ
728 1224 774 1254 .et
805 1220 867 1267 op
888 1245 899 1264 ‚
933 1205 1090 1272 aequalis
1106 1213 1246 1271 angulo
1275 1227 1307 1253 a
1324 1225 1344 1252 o
1362 1213 1392 1253 d
1406 1245 1416 1263 ,
1435 1212 1678 1252 inclinationi
1700 1211 1827 1253 diurni

490 1276 594 1320 Solis
627 1277 674 1318 ad
707 1276 893 1316 chordam
926 1276 1157 1318 desectiuam
1184 1290 1227 1330 vw
1246 1275 1278 1316 K
1299 1308 1310 1327 ,
1352 1275 1552 1317 inserendo
1584 1275 1650 1316 sc:
1686 1286 1728 1316 vt
1753 1274 1831 1328 gd

489 1340 674 1382 sehabet
705 1339 751 1380 ad
783 1338 888 1391 dh,
941 1338 990 1378 ita
1021 1339 1116 1379 sinus
1163 1346 1264 1378 totus
1295 1338 1341 1377 ad
1376 1339 1498 1379 sinum
1549 1340 1674 1392 anguli
1709 1340 1738 1379 d
1746 1336 1828 1391 gh

492 1405 630 1446 :do
649 1418 676 1446 a
696 1438 706 1456 ,
741 1403 817 1444 hoc
853 1402 906 1444 est
935 1403 983 1443 ad
1016 1402 1135 1443 sinum
1170 1400 1425 1442 inclinationis
1457 1401 1621 1442 chordae
1672 1400 1826 1441 defecti-

493 1482 565 1511 vae
596 1470 643 1510 ad
678 1470 851 1510 diurnum
887 1465 987 1507 Solis
1019 1467 1203 1521 quaesitae
1222 1498 1232 1517 ,
1268 1477 1344 1520 quo
1375 1467 1467 1507 dato
1499 1465 1606 1506 datur
1638 1476 1689 1505 ex
1721 1465 1829 1508 tabu-

488 1534 538 1581 lis
555 1533 753 1575 inclinatio
772 1533 888 1573 etiam
925 1530 1014 1591 ipsa.
1036 1530 1160 1598 'Quod
1186 1536 1270 1573 erat
1299 1531 1449 1572 ternum
1481 1536 1517 1571 et
1546 1529 1730 1572 vltimum.

608 1663 738 1708 schol.
774 1669 879 1703 ‘wum-
938 1661 1203 1718 ssippofiiimns
1263 1660 1304 1701 in
1337 1659 1651 1702 antecedentibus
1720 1658 1829 1713 idem

492 1729 680 1784 punctum
717 1729 826 1769 limbi
865 1726 1024 1768 Lunaris
1051 1741 1075 1770 c
1125 1724 1231 1782 (Fig.
1269 1721 1319 1780 2)
1358 1725 1516 1766 durante
1569 1723 1830 1764 obseruatione

494 1795 658 1848 phaseos
689 1794 735 1835 ad
767 1791 926 1847 capillos
956 1791 1153 1845 parallelos
1184 1788 1263 1829 tubi
1312 1790 1494 1830 omnium
1547 1787 1730 1828 vltimum
1763 1799 1831 1841 ap-

495 1859 667 1912 pellere,
719 1858 822 1912 quod
857 1856 896 1895 in
932 1855 1042 1896 initio
1093 1854 1362 1895 obseruationis
1393 1853 1441 1894 ab
1492 1852 1626 1893 iisdem
1683 1851 1832 1892 directo

494 1923 633 1975 capillo
666 1930 730 1978 op
759 1922 806 1962 ad
836 1931 981 1962 cornua
1015 1918 1177 1975 phaseos
1208 1915 1510 1958 remotissimum
1561 1924 1640 1956 erat
1660 1948 1672 1967 ,
1707 1915 1832 1956 idem-

496 1996 569 2038 que
604 1986 763 2038 praecise
798 1986 1048 2040 segmentum
1075 1982 1308 2024 defcstiuum
1343 1980 1471 2021 Lunae
1492 1987 1493 1990 ’
1518 1991 1570 2020 ex
1604 1977 1830 2020 obseruatio-

497 2047 607 2089 nibus
640 2049 708 2087 illis
749 2048 918 2100 deduci,
966 2047 1068 2101 quod
1122 2046 1236 2085 initio
1285 2043 1548 2083 obseruationis
1598 2043 1832 2097 obtinebat;

498 2110 543 2152 Id
577 2112 678 2166 quod
712 2112 870 2152 dubium
908 2111 1030 2151 adhuc
1065 2119 1225 2150 mouere
1246 2108 1353 2147 alicui
1372 2108 1547 2162 poterit3
1574 2120 1662 2149 cum
1694 2109 1834 2148 duran-

502 2186 540 2216 te
572 2175 831 2218 obseruatione
864 2173 1022 2231 plialeos
1061 2183 1100 2214 et
1134 2171 1359 2228 magnitudo
1408 2171 1568 2229 phaieos
1618 2182 1658 2213 et
1690 2171 1832 2226 politio

736 2258 738 2262 v
1736 2231 1834 2274 eius-¹
