1971 2700
776 164 900 227 (7)

303 292 502 349 „inuenire
541 285 769 342 triangulum
811 285 1075 340 restangulum
1108 287 1147 327 in
1180 289 1347 329 numeris
1378 286 1493 332 ratioss

189 360 352 414 „nalibus
390 352 605 409 expressum
626 385 637 405 ,
680 351 782 391 cuius
830 361 988 404 vterque
1037 351 1207 393 cathetus
1247 366 1333 394 area
1381 355 1493 408 ipsius

188 422 379 477 „trianguli
412 419 578 458 minutus
611 416 792 469 producat
824 426 1028 455 numerum
1071 417 1304 469 quadratum.

302 483 505 536 Postquam
538 481 650 533 igitur
691 477 776 518 Cel.
810 479 959 518 Auctor
1001 481 1327 532 praeparationem
1360 481 1408 521 ad
1438 480 1497 520 so-

189 549 371 590 lutionem
423 541 672 598 praemisisset
703 575 714 594 ,
764 550 836 581 tres
870 540 980 580 huius
1018 541 1261 592 problematis
1301 544 1499 582 solutiones

187 609 424 667 particulares
442 639 453 658 ,
487 605 619 647 ceteris
639 637 649 656 ,
684 617 774 658 quas
804 603 943 643 elicere
977 604 1156 657 potuisset
1176 639 1187 657 ,
1222 606 1360 647 omiffis
1380 638 1390 658 ‚
1424 618 1496 647 ex-

187 673 290 715 hibet
308 705 319 725 ,
351 670 535 723 simulque
575 670 682 708 viam
717 667 901 707 monstrat
922 695 933 716 ,
975 668 1178 718 quomodo
1212 681 1265 708 ex
1296 681 1493 722 praepara-

183 738 292 777 tione
320 735 367 776 ad
396 733 597 774 solutiones
627 731 733 784 supra
767 730 919 769 traditas
950 728 1084 768 solutio
1115 729 1301 780 quaedam
1342 745 1498 779 genera-

187 800 233 840 lis
261 808 299 839 et
332 798 520 839 concinna
538 828 550 848 ‚
591 806 706 849 quam
745 793 786 835 in
818 789 902 833 diff.
937 790 1014 846 ipsa
1045 790 1195 832 vberius
1233 790 1422 846 exemplis
1453 793 1499 833 il-

185 863 310 905 lustrat
328 894 339 916 ,
371 860 529 903 dedusta
562 858 616 901 sit.

298 1016 341 1055 C.
368 1019 409 1056 N.
437 1017 476 1054 de
500 1015 738 1053 WINSHEIM
769 1013 832 1051 DE
861 1013 1070 1052 NVMERJS
1105 1012 1315 1052 PERFECT
1316 1013 1373 1053 IS.

191 1109 422 1202 Tametsi
463 1113 501 1149 in
535 1108 829 1150 Commentariis
868 1108 1107 1149 Academicis
1138 1121 1218 1148 non
1249 1122 1331 1149 vno
1363 1111 1402 1149 in
1435 1109 1500 1149 lo·-

318 1185 368 1212 co
407 1173 454 1213 de
495 1174 660 1215 numeris
700 1170 876 1226 perfectis
916 1171 1044 1213 atstum
1080 1172 1125 1212 fit
1146 1203 1158 1224 ,
1198 1173 1251 1212 ita
1291 1181 1335 1212 vt
1377 1181 1498 1214 mate-

184 1235 282 1276 riam
326 1235 427 1276 hanc
473 1236 601 1277 denuo
649 1236 688 1276 in
729 1235 904 1276 medium
946 1236 1155 1290 producere
1176 1268 1187 1287 ,
1227 1236 1333 1276 idem
1375 1237 1499 1276 videri

185 1298 367 1353 potuisset
405 1312 449 1340 ac
490 1300 620 1341 actum
661 1312 770 1353 agere
808 1298 912 1338 velle
933 1331 943 1351 ‚
985 1300 1163 1353 quoniam
1193 1308 1324 1339 tamen
1342 1300 1417 1339 viri
1436 1299 1497 1340 Ill.

184 1361 312 1404 Mich.
353 1361 466 1405 Gott.
508 1362 663 1405 Hansch
706 1361 745 1403 S.
784 1359 884 1402 Caefi
929 1371 966 1402 et
1000 1361 1115 1403 Cath.
1152 1362 1358 1403 Maiestatis
1391 1361 1498 1404 Con-

183 1426 309 1468 siliarii
341 1427 511 1468 Theoria
543 1426 800 1467 Arithmetica
832 1427 940 1466 nouis
973 1439 994 1466 a
1027 1427 1061 1467 se
1094 1428 1251 1467 inuentis
1283 1427 1392 1467 auc'ta
1412 1429 1490 1466 Ao.

187 1499 318 1541 1739.
364 1488 447 1530 Cal.
490 1488 598 1545 Sept.
649 1490 894 1530 Vindebonae
934 1490 980 1530 ad
1019 1489 1316 1531 Mathematicos
1356 1502 1492 1529 omnes

183 1554 267 1594 data
303 1554 507 1608 Epistola,
548 1566 629 1594 non
667 1553 789 1594 solum
828 1550 966 1592 affertis
1006 1554 1043 1592 in
1088 1551 1389 1592 Commentariis
1422 1565 1489 1592 no-

182 1616 261 1657 stris
293 1627 422 1672 aperte
463 1618 767 1668 contradiceret,
815 1616 875 1656 sed
923 1624 962 1655 et
997 1615 1172 1669 ipsiffirna
1212 1615 1364 1669 epistola
1405 1617 1491 1669 post

179 1693 327 1721 nouem
366 1693 484 1722 annos
514 1681 645 1723 Mense
689 1678 796 1734 Sept.
834 1686 968 1730 1748.
1012 1692 1100 1720 cum
1143 1680 1413 1732 Academicis,
1446 1688 1491 1720 vt

179 1743 359 1784 iudicium
393 1745 440 1785 de
471 1757 515 1785 ea
547 1744 716 1796 ferrent,
758 1743 1042 1784 communicata
1074 1741 1197 1794 esset,
1232 1743 1375 1783 idcirco
1424 1756 1483 1784 au-

181 1804 268 1844 ctor
298 1807 431 1846 harum
465 1809 725 1848 recensionum
766 1805 859 1847 iuffu
889 1808 1123 1847 Academiae
1166 1808 1205 1846 in
1238 1806 1335 1846 hanc
1369 1817 1487 1846 mate-

179 1867 276 1907 riam
317 1867 401 1906 data
443 1880 560 1919 opera
600 1872 788 1920 inquirens
808 1901 819 1919 ‚
858 1870 1143 1922 deprehendere
1176 1870 1243 1908 fibi
1278 1871 1371 1908 visus
1404 1869 1455 1909 est
1477 1900 1488 1919 ‚

180 1938 304 1970 totam
346 1928 447 1969 hanc
488 1929 787 1969 dissertationem
809 1958 820 1979 ,
861 1944 976 1983 quam
1013 1931 1097 1972 Cel.
1134 1931 1284 1970 Auctor
1317 1932 1488 1984 specimi-

179 1994 238 2032 nis
269 1991 358 2032 loco
390 1991 623 2045 emulganit‚
657 2001 701 2033 vt
744 1992 889 2032 constet
930 2004 1023 2046 quae
1066 1995 1162 2033 circa
1201 1995 1352 2045 genesin
1401 2009 1490 2036 ana-

178 2055 276 2108 lyfin
314 2065 390 2097 etc.
433 2057 634 2098 tentauerit
675 2065 714 2097 et
755 2068 940 2110 quaenam
996 2068 1250 2097 numerorum
1311 2059 1486 2113 detegere

1415 2197 1481 2226 Vl-
