<?xml version="1.0" encoding="UTF-8"?>
<!DOCTYPE html PUBLIC "-//W3C//DTD XHTML 1.0 Transitional//EN"
    "http://www.w3.org/TR/xhtml1/DTD/xhtml1-transitional.dtd">
<html xmlns="http://www.w3.org/1999/xhtml" xml:lang="en" lang="en">
 <head>
  <title>
</title>
<meta http-equiv="Content-Type" content="text/html;charset=utf-8" />
  <meta name='ocr-system' content='tesseract 3.04.00' />
  <meta name='ocr-capabilities' content='ocr_page ocr_carea ocr_par ocr_line ocrx_word'/>
</head>
<body>
  <div class='ocr_page' id='page_1' title='image "./novicommentariac02impe_0166.png"; bbox 0 0 1971 2700; ppageno 0'>
   <div class='ocr_carea' id='block_1_1' title="bbox 503 169 1819 228">
    <p class='ocr_par' dir='ltr' id='par_1_1' title="bbox 503 169 1819 228">
     <span class='ocr_line' id='line_1_1' title="bbox 503 169 1819 228; baseline -0.005 -6"><span class='ocrx_word' id='word_1_1' title='bbox 503 188 592 228; x_wconf 66' lang='lat'>³30</span> <span class='ocrx_word' id='word_1_2' title='bbox 628 171 1024 226; x_wconf 74' lang='lat' dir='ltr'><em>ANEM-SVMM,</em></span> <span class='ocrx_word' id='word_1_3' title='bbox 1046 170 1247 217; x_wconf 86' lang='lat' dir='ltr'><em>CELER.</em></span> <span class='ocrx_word' id='word_1_4' title='bbox 1267 169 1490 216; x_wconf 72' lang='lat' dir='ltr'><em>CVIVSV.</em></span> <span class='ocrx_word' id='word_1_5' title='bbox 1525 171 1710 219; x_wconf 81' lang='lat' dir='ltr'><em>VENTI</em></span> <span class='ocrx_word' id='word_1_6' title='bbox 1735 169 1819 216; x_wconf 89' lang='grc' dir='ltr'>ΕΤ</span> 
     </span>
    </p>
   </div>
   <div class='ocr_carea' id='block_1_2' title="bbox 1112 284 1204 328">
    <p class='ocr_par' dir='ltr' id='par_1_2' title="bbox 1112 284 1204 328">
     <span class='ocr_line' id='line_1_2' title="bbox 1112 284 1204 328; baseline -0.022 0"><span class='ocrx_word' id='word_1_7' title='bbox 1112 284 1204 328; x_wconf 84' lang='lat' dir='ltr'>Vn.</span> 
     </span>
    </p>
   </div>
   <div class='ocr_carea' id='block_1_3' title="bbox 501 359 1829 808">
    <p class='ocr_par' dir='ltr' id='par_1_3' title="bbox 501 359 1829 808">
     <span class='ocr_line' id='line_1_3' title="bbox 616 359 1821 422; baseline -0.001 -15"><span class='ocrx_word' id='word_1_8' title='bbox 616 366 700 407; x_wconf 78' lang='lat' dir='ltr'>Axi</span> <span class='ocrx_word' id='word_1_9' title='bbox 728 374 758 422; x_wconf 88' lang='lat' dir='ltr'><em>p</em></span> <span class='ocrx_word' id='word_1_10' title='bbox 790 362 991 419; x_wconf 78' lang='lat' dir='ltr'>alligandus</span> <span class='ocrx_word' id='word_1_11' title='bbox 1023 362 1075 403; x_wconf 83' lang='lat' dir='ltr'>est</span> <span class='ocrx_word' id='word_1_12' title='bbox 1106 359 1283 403; x_wconf 89' lang='lat' dir='ltr'>funiculus</span> <span class='ocrx_word' id='word_1_13' title='bbox 1309 369 1336 417; x_wconf 91' lang='lat' dir='ltr'><em>p</em></span> <span class='ocrx_word' id='word_1_14' title='bbox 1355 361 1374 403; x_wconf 91' lang='lat' dir='ltr'><em>I</em></span> <span class='ocrx_word' id='word_1_15' title='bbox 1383 368 1401 402; x_wconf 84' lang='lat' dir='ltr'><em>t</em></span> <span class='ocrx_word' id='word_1_16' title='bbox 1427 392 1439 412; x_wconf 88' lang='lat'>‚</span> <span class='ocrx_word' id='word_1_17' title='bbox 1491 373 1574 402; x_wconf 85' lang='lat' dir='ltr'>cera</span> <span class='ocrx_word' id='word_1_18' title='bbox 1625 362 1688 403; x_wconf 85' lang='lat' dir='ltr'>vel</span> <span class='ocrx_word' id='word_1_19' title='bbox 1738 365 1821 418; x_wconf 88' lang='lat' dir='ltr'>pice</span> 
     </span>
     <span class='ocr_line' id='line_1_4' title="bbox 501 423 1822 482; baseline -0.004 -8"><span class='ocrx_word' id='word_1_20' title='bbox 501 429 655 474; x_wconf 63' lang='lat' dir='ltr'>infestus</span> <span class='ocrx_word' id='word_1_21' title='bbox 673 464 684 482; x_wconf 88' lang='lat'>,</span> <span class='ocrx_word' id='word_1_22' title='bbox 732 431 828 472; x_wconf 86' lang='lat' dir='ltr'>circa</span> <span class='ocrx_word' id='word_1_23' title='bbox 878 427 1039 468; x_wconf 84' lang='lat' dir='ltr'>eundem</span> <span class='ocrx_word' id='word_1_24' title='bbox 1093 423 1215 479; x_wconf 79' lang='lat' dir='ltr'>ipsum</span> <span class='ocrx_word' id='word_1_25' title='bbox 1264 437 1375 466; x_wconf 85' lang='lat' dir='ltr'>axem</span> <span class='ocrx_word' id='word_1_26' title='bbox 1434 425 1665 477; x_wconf 76' lang='lat' dir='ltr'>voluendus,</span> <span class='ocrx_word' id='word_1_27' title='bbox 1723 430 1822 469; x_wconf 80' lang='lat' dir='ltr'>cuius</span> 
     </span>
     <span class='ocr_line' id='line_1_5' title="bbox 503 488 1825 535; baseline -0.003 0"><span class='ocrx_word' id='word_1_28' title='bbox 503 494 616 535; x_wconf 83' lang='lat' dir='ltr'>altera</span> <span class='ocrx_word' id='word_1_29' title='bbox 680 493 905 535; x_wconf 81' lang='lat' dir='ltr'>extremitas</span> <span class='ocrx_word' id='word_1_30' title='bbox 962 489 1295 532; x_wconf 83' lang='lat' dir='ltr'>circumuoluenda</span> <span class='ocrx_word' id='word_1_31' title='bbox 1354 491 1423 531; x_wconf 86' lang='lat' dir='ltr'>erit</span> <span class='ocrx_word' id='word_1_32' title='bbox 1493 499 1595 529; x_wconf 91' lang='lat' dir='ltr'>rotae</span> <span class='ocrx_word' id='word_1_33' title='bbox 1644 488 1682 529; x_wconf 84' lang='lat' dir='ltr'>H</span> <span class='ocrx_word' id='word_1_34' title='bbox 1735 503 1825 532; x_wconf 88' lang='lat' dir='ltr'>cum</span> 
     </span>
     <span class='ocr_line' id='line_1_6' title="bbox 506 552 1826 610; baseline -0.001 -14"><span class='ocrx_word' id='word_1_35' title='bbox 506 556 678 610; x_wconf 83' lang='lat' dir='ltr'>gradibus</span> <span class='ocrx_word' id='word_1_36' title='bbox 742 557 782 599; x_wconf 84' lang='lat' dir='ltr'>in</span> <span class='ocrx_word' id='word_1_37' title='bbox 841 554 965 595; x_wconf 87' lang='lat' dir='ltr'>limbo</span> <span class='ocrx_word' id='word_1_38' title='bbox 1021 556 1099 596; x_wconf 82' lang='lat' dir='ltr'>eius</span> <span class='ocrx_word' id='word_1_39' title='bbox 1164 552 1355 607; x_wconf 85' lang='lat' dir='ltr'>descriptis</span> <span class='ocrx_word' id='word_1_40' title='bbox 1372 587 1383 606; x_wconf 92' lang='lat'>‚</span> <span class='ocrx_word' id='word_1_41' title='bbox 1456 565 1615 607; x_wconf 87' lang='lat' dir='ltr'>quorum</span> <span class='ocrx_word' id='word_1_42' title='bbox 1677 555 1826 607; x_wconf 86' lang='lat' dir='ltr'>magni-</span> 
     </span>
     <span class='ocr_line' id='line_1_7' title="bbox 508 617 1825 672; baseline -0.001 -13"><span class='ocrx_word' id='word_1_43' title='bbox 508 620 598 659; x_wconf 92' lang='lat' dir='ltr'>tudo</span> <span class='ocrx_word' id='word_1_44' title='bbox 617 653 628 671; x_wconf 88' lang='lat'>,</span> <span class='ocrx_word' id='word_1_45' title='bbox 680 629 722 660; x_wconf 81' lang='lat' dir='ltr'>vt</span> <span class='ocrx_word' id='word_1_46' title='bbox 771 630 809 659; x_wconf 89' lang='lat' dir='ltr'>ct</span> <span class='ocrx_word' id='word_1_47' title='bbox 859 628 964 658; x_wconf 85' lang='lat' dir='ltr'>rotae</span> <span class='ocrx_word' id='word_1_48' title='bbox 1021 618 1159 672; x_wconf 86' lang='lat' dir='ltr'>ipsius,</span> <span class='ocrx_word' id='word_1_49' title='bbox 1218 619 1327 671; x_wconf 85' lang='lat' dir='ltr'>praxi</span> <span class='ocrx_word' id='word_1_50' title='bbox 1385 619 1454 658; x_wconf 88' lang='lat' dir='ltr'>crit</span> <span class='ocrx_word' id='word_1_51' title='bbox 1511 617 1825 671; x_wconf 83' lang='lat' dir='ltr'>determinanda,</span> 
     </span>
     <span class='ocr_line' id='line_1_8' title="bbox 507 681 1829 737; baseline 0.001 -15"><span class='ocrx_word' id='word_1_52' title='bbox 507 684 833 737; x_wconf 79' lang='lat' dir='ltr'>quemadmodum</span> <span class='ocrx_word' id='word_1_53' title='bbox 885 682 975 721; x_wconf 83' lang='lat' dir='ltr'>infra</span> <span class='ocrx_word' id='word_1_54' title='bbox 1008 682 1239 723; x_wconf 81' lang='lat' dir='ltr'>docebimus.</span> <span class='ocrx_word' id='word_1_55' title='bbox 1305 681 1425 722; x_wconf 83' lang='lat' dir='ltr'>Index</span> <span class='ocrx_word' id='word_1_56' title='bbox 1444 694 1466 721; x_wconf 88' lang='lat' dir='ltr'>n</span> <span class='ocrx_word' id='word_1_57' title='bbox 1486 681 1531 721; x_wconf 84' lang='lat' dir='ltr'>ad</span> <span class='ocrx_word' id='word_1_58' title='bbox 1558 681 1706 722; x_wconf 69' lang='lat' dir='ltr'>vctstem</span> <span class='ocrx_word' id='word_1_59' title='bbox 1730 681 1829 723; x_wconf 84' lang='lat' dir='ltr'>fixus</span> 
     </span>
     <span class='ocr_line' id='line_1_9' title="bbox 508 744 1369 808; baseline -0.003 -20"><span class='ocrx_word' id='word_1_60' title='bbox 508 759 581 808; x_wconf 87' lang='lat' dir='ltr'>pro</span> <span class='ocrx_word' id='word_1_61' title='bbox 612 745 756 788; x_wconf 86' lang='lat' dir='ltr'>diuerso</span> <span class='ocrx_word' id='word_1_62' title='bbox 786 746 854 788; x_wconf 77' lang='lat' dir='ltr'>situ</span> <span class='ocrx_word' id='word_1_63' title='bbox 885 755 992 786; x_wconf 85' lang='lat' dir='ltr'>rotae</span> <span class='ocrx_word' id='word_1_64' title='bbox 1028 746 1160 799; x_wconf 74' lang='lat' dir='ltr'>gradus</span> <span class='ocrx_word' id='word_1_65' title='bbox 1189 744 1369 787; x_wconf 83' lang='lat' dir='ltr'>ostendet.</span> 
     </span>
    </p>
   </div>
   <div class='ocr_carea' id='block_1_4' title="bbox 1106 839 1222 882">
    <p class='ocr_par' dir='ltr' id='par_1_4' title="bbox 1106 839 1222 882">
     <span class='ocr_line' id='line_1_10' title="bbox 1106 839 1222 882; baseline 0 -2"><span class='ocrx_word' id='word_1_66' title='bbox 1106 839 1222 882; x_wconf 86' lang='lat' dir='ltr'><strong>VIII.</strong></span> 
     </span>
    </p>
   </div>
   <div class='ocr_carea' id='block_1_5' title="bbox 509 911 1839 1290">
    <p class='ocr_par' dir='ltr' id='par_1_5' title="bbox 509 911 1839 1290">
     <span class='ocr_line' id='line_1_11' title="bbox 628 911 1834 969; baseline 0.001 -12"><span class='ocrx_word' id='word_1_67' title='bbox 628 917 732 958; x_wconf 76' lang='lat' dir='ltr'>Rota</span> <span class='ocrx_word' id='word_1_68' title='bbox 765 915 806 955; x_wconf 74' lang='lat' dir='ltr'>Hv</span> <span class='ocrx_word' id='word_1_69' title='bbox 839 914 877 954; x_wconf 88' lang='lat' dir='ltr'>in</span> <span class='ocrx_word' id='word_1_70' title='bbox 910 911 1052 967; x_wconf 85' lang='lat' dir='ltr'>capsula</span> <span class='ocrx_word' id='word_1_71' title='bbox 1086 913 1207 968; x_wconf 88' lang='lat' dir='ltr'>lignea</span> <span class='ocrx_word' id='word_1_72' title='bbox 1243 912 1285 955; x_wconf 93' lang='lat' dir='ltr'>N</span> <span class='ocrx_word' id='word_1_73' title='bbox 1319 914 1501 968; x_wconf 81' lang='lat' dir='ltr'>profunda</span> <span class='ocrx_word' id='word_1_74' title='bbox 1537 925 1575 954; x_wconf 90' lang='lat' dir='ltr'>et</span> <span class='ocrx_word' id='word_1_75' title='bbox 1607 915 1754 969; x_wconf 83' lang='lat' dir='ltr'>angusta</span> <span class='ocrx_word' id='word_1_76' title='bbox 1791 916 1834 958; x_wconf 84' lang='lat' dir='ltr'>fit</span> 
     </span>
     <span class='ocr_line' id='line_1_12' title="bbox 512 976 1834 1033; baseline -0.002 -11"><span class='ocrx_word' id='word_1_77' title='bbox 512 981 674 1022; x_wconf 84' lang='lat' dir='ltr'>mobilis.</span> <span class='ocrx_word' id='word_1_78' title='bbox 739 977 980 1032; x_wconf 77' lang='lat' dir='ltr'>Periphcriae</span> <span class='ocrx_word' id='word_1_79' title='bbox 1013 977 1093 1016; x_wconf 88' lang='lat' dir='ltr'>cius</span> <span class='ocrx_word' id='word_1_80' title='bbox 1133 976 1305 1029; x_wconf 76' lang='lat' dir='ltr'>affigatur</span> <span class='ocrx_word' id='word_1_81' title='bbox 1343 979 1450 1018; x_wconf 89' lang='lat' dir='ltr'>tubus</span> <span class='ocrx_word' id='word_1_82' title='bbox 1489 980 1628 1019; x_wconf 68' lang='lat' dir='ltr'>vitreus</span> <span class='ocrx_word' id='word_1_83' title='bbox 1661 981 1834 1033; x_wconf 83' lang='lat' dir='ltr'>aequabi-</span> 
     </span>
     <span class='ocr_line' id='line_1_13' title="bbox 509 1039 1838 1097; baseline -0.002 -12"><span class='ocrx_word' id='word_1_84' title='bbox 509 1043 754 1096; x_wconf 82' lang='lat' dir='ltr'>lis,circulari</span> <span class='ocrx_word' id='word_1_85' title='bbox 791 1041 911 1097; x_wconf 87' lang='lat' dir='ltr'>figura</span> <span class='ocrx_word' id='word_1_86' title='bbox 943 1041 1138 1092; x_wconf 83' lang='lat' dir='ltr'>incuruus,</span> <span class='ocrx_word' id='word_1_87' title='bbox 1172 1040 1274 1079; x_wconf 79' lang='lat' dir='ltr'>cuius</span> <span class='ocrx_word' id='word_1_88' title='bbox 1307 1039 1431 1080; x_wconf 85' lang='lat' dir='ltr'>lumen</span> <span class='ocrx_word' id='word_1_89' title='bbox 1457 1041 1838 1083; x_wconf 68' lang='lat' dir='ltr'>fitx·nic21n1c1·icitcr</span> 
     </span>
     <span class='ocr_line' id='line_1_14' title="bbox 509 1102 1837 1160; baseline -0.001 -12"><span class='ocrx_word' id='word_1_90' title='bbox 509 1108 649 1148; x_wconf 86' lang='lat' dir='ltr'>lineam</span> <span class='ocrx_word' id='word_1_91' title='bbox 667 1106 839 1160; x_wconf 86' lang='lat' dir='ltr'>amplum</span> <span class='ocrx_word' id='word_1_92' title='bbox 855 1120 866 1159; x_wconf 77' lang='lat'><em>3</em></span> <span class='ocrx_word' id='word_1_93' title='bbox 885 1115 994 1158; x_wconf 82' lang='lat' dir='ltr'>atquc</span> <span class='ocrx_word' id='word_1_94' title='bbox 1012 1104 1212 1157; x_wconf 84' lang='lat' dir='ltr'>impleatur</span> <span class='ocrx_word' id='word_1_95' title='bbox 1231 1102 1423 1144; x_wconf 85' lang='lat' dir='ltr'>Mercurio</span> <span class='ocrx_word' id='word_1_96' title='bbox 1441 1107 1485 1145; x_wconf 87' lang='lat' dir='ltr'>ad</span> <span class='ocrx_word' id='word_1_97' title='bbox 1506 1114 1704 1159; x_wconf 72' lang='lat' dir='ltr'>Vtramque</span> <span class='ocrx_word' id='word_1_98' title='bbox 1724 1119 1837 1160; x_wconf 83' lang='lat' dir='ltr'>vsque</span> 
     </span>
     <span class='ocr_line' id='line_1_15' title="bbox 510 1166 1839 1226; baseline 0 -14"><span class='ocrx_word' id='word_1_99' title='bbox 510 1182 725 1226; x_wconf 76' lang='lat' dir='ltr'>aperturam</span> <span class='ocrx_word' id='word_1_100' title='bbox 758 1182 781 1208; x_wconf 84' lang='lat' dir='ltr'>u</span> <span class='ocrx_word' id='word_1_101' title='bbox 814 1180 852 1208; x_wconf 91' lang='lat' dir='ltr'>et</span> <span class='ocrx_word' id='word_1_102' title='bbox 871 1183 904 1221; x_wconf 87' lang='lat' dir='ltr'><em>y</em></span> <span class='ocrx_word' id='word_1_103' title='bbox 925 1198 937 1217; x_wconf 94' lang='lat'><strong>‚</strong></span> <span class='ocrx_word' id='word_1_104' title='bbox 980 1180 1070 1208; x_wconf 91' lang='lat' dir='ltr'>cum</span> <span class='ocrx_word' id='word_1_105' title='bbox 1103 1177 1209 1206; x_wconf 87' lang='lat' dir='ltr'>erunt</span> <span class='ocrx_word' id='word_1_106' title='bbox 1243 1168 1280 1205; x_wconf 81' lang='lat' dir='ltr'>iu</span> <span class='ocrx_word' id='word_1_107' title='bbox 1316 1170 1450 1208; x_wconf 89' lang='lat' dir='ltr'>cadem</span> <span class='ocrx_word' id='word_1_108' title='bbox 1485 1166 1581 1208; x_wconf 85' lang='lat' dir='ltr'>linea</span> <span class='ocrx_word' id='word_1_109' title='bbox 1616 1169 1839 1212; x_wconf 86' lang='lat' dir='ltr'>horizonta-</span> 
     </span>
     <span class='ocr_line' id='line_1_16' title="bbox 511 1230 1395 1290; baseline -0.007 -14"><span class='ocrx_word' id='word_1_110' title='bbox 511 1235 550 1277; x_wconf 88' lang='lat' dir='ltr'>li.</span> <span class='ocrx_word' id='word_1_111' title='bbox 617 1232 776 1290; x_wconf 81' lang='lat' dir='ltr'>Capsula</span> <span class='ocrx_word' id='word_1_112' title='bbox 810 1231 850 1274; x_wconf 91' lang='lat' dir='ltr'>N</span> <span class='ocrx_word' id='word_1_113' title='bbox 890 1231 1042 1273; x_wconf 86' lang='lat' dir='ltr'>habebit</span> <span class='ocrx_word' id='word_1_114' title='bbox 1073 1230 1242 1271; x_wconf 80' lang='lat' dir='ltr'>foramen</span> <span class='ocrx_word' id='word_1_115' title='bbox 1277 1231 1314 1270; x_wconf 91' lang='lat' dir='ltr'>in</span> <span class='ocrx_word' id='word_1_116' title='bbox 1347 1231 1395 1280; x_wconf 23' lang='lat' dir='ltr'>k..</span> 
     </span>
    </p>
   </div>
   <div class='ocr_carea' id='block_1_6' title="bbox 1131 1327 1207 1368">
    <p class='ocr_par' dir='ltr' id='par_1_6' title="bbox 1131 1327 1207 1368">
     <span class='ocr_line' id='line_1_17' title="bbox 1131 1327 1207 1368; baseline -0.026 0"><span class='ocrx_word' id='word_1_117' title='bbox 1131 1327 1207 1368; x_wconf 90' lang='lat' dir='ltr'>IX.</span> 
     </span>
    </p>
   </div>
   <div class='ocr_carea' id='block_1_7' title="bbox 515 1401 1846 1969">
    <p class='ocr_par' dir='ltr' id='par_1_7' title="bbox 515 1401 1846 1969">
     <span class='ocr_line' id='line_1_18' title="bbox 630 1401 1844 1446; baseline -0.006 0"><span class='ocrx_word' id='word_1_118' title='bbox 630 1402 741 1446; x_wconf 83' lang='lat' dir='ltr'>Circa</span> <span class='ocrx_word' id='word_1_119' title='bbox 775 1403 896 1445; x_wconf 68' lang='lat' dir='ltr'>vectis</span> <span class='ocrx_word' id='word_1_120' title='bbox 927 1401 1139 1443; x_wconf 82' lang='lat' dir='ltr'>inferiorem</span> <span class='ocrx_word' id='word_1_121' title='bbox 1172 1401 1451 1442; x_wconf 80' lang='lat' dir='ltr'>extremitatem</span> <span class='ocrx_word' id='word_1_122' title='bbox 1485 1401 1519 1443; x_wconf 90' lang='lat' dir='ltr'>K</span> <span class='ocrx_word' id='word_1_123' title='bbox 1553 1401 1757 1443; x_wconf 85' lang='lat' dir='ltr'>collocetur</span> <span class='ocrx_word' id='word_1_124' title='bbox 1784 1415 1844 1443; x_wconf 78' lang='lat' dir='ltr'>re-</span> 
     </span>
     <span class='ocr_line' id='line_1_19' title="bbox 515 1466 1842 1523; baseline -0.002 -13"><span class='ocrx_word' id='word_1_125' title='bbox 515 1469 751 1523; x_wconf 81' lang='lat' dir='ltr'>ceptaculum</span> <span class='ocrx_word' id='word_1_126' title='bbox 805 1468 971 1522; x_wconf 84' lang='lat' dir='ltr'>ligneum</span> <span class='ocrx_word' id='word_1_127' title='bbox 1023 1466 1199 1507; x_wconf 82' lang='lat' dir='ltr'>circulare</span> <span class='ocrx_word' id='word_1_128' title='bbox 1253 1468 1296 1507; x_wconf 84' lang='lat' dir='ltr'><strong>X</strong></span> <span class='ocrx_word' id='word_1_129' title='bbox 1347 1466 1383 1506; x_wconf 88' lang='lat' dir='ltr'>in</span> <span class='ocrx_word' id='word_1_130' title='bbox 1427 1476 1482 1513; x_wconf 80' lang='lat'>32</span> <span class='ocrx_word' id='word_1_131' title='bbox 1535 1466 1678 1507; x_wconf 89' lang='lat' dir='ltr'>loculos</span> <span class='ocrx_word' id='word_1_132' title='bbox 1708 1466 1842 1509; x_wconf 88' lang='lat' dir='ltr'>lamel-</span> 
     </span>
     <span class='ocr_line' id='line_1_20' title="bbox 518 1530 1841 1587; baseline -0.001 -14"><span class='ocrx_word' id='word_1_133' title='bbox 518 1534 560 1574; x_wconf 85' lang='lat' dir='ltr'>lis</span> <span class='ocrx_word' id='word_1_134' title='bbox 611 1534 741 1587; x_wconf 84' lang='lat' dir='ltr'>ligneis</span> <span class='ocrx_word' id='word_1_135' title='bbox 787 1530 1002 1572; x_wconf 79' lang='lat' dir='ltr'>tenuiffimis</span> <span class='ocrx_word' id='word_1_136' title='bbox 1052 1531 1245 1572; x_wconf 84' lang='lat' dir='ltr'>discretum</span> <span class='ocrx_word' id='word_1_137' title='bbox 1295 1530 1523 1583; x_wconf 84' lang='lat' dir='ltr'>acqualiter,</span> <span class='ocrx_word' id='word_1_138' title='bbox 1577 1530 1628 1570; x_wconf 85' lang='lat' dir='ltr'>ita</span> <span class='ocrx_word' id='word_1_139' title='bbox 1687 1541 1731 1570; x_wconf 82' lang='lat' dir='ltr'>vt</span> <span class='ocrx_word' id='word_1_140' title='bbox 1787 1531 1841 1572; x_wconf 91' lang='lat' dir='ltr'>lo·</span> 
     </span>
     <span class='ocr_line' id='line_1_21' title="bbox 517 1593 1842 1649; baseline 0 -13"><span class='ocrx_word' id='word_1_141' title='bbox 517 1596 602 1636; x_wconf 88' lang='lat' dir='ltr'>culo</span> <span class='ocrx_word' id='word_1_142' title='bbox 637 1596 676 1636; x_wconf 87' lang='lat' dir='ltr'>N</span> <span class='ocrx_word' id='word_1_143' title='bbox 706 1597 893 1649; x_wconf 63' lang='lat' dir='ltr'>spectante</span> <span class='ocrx_word' id='word_1_144' title='bbox 928 1596 1248 1649; x_wconf 83' lang='lat' dir='ltr'>septentrionem,</span> <span class='ocrx_word' id='word_1_145' title='bbox 1281 1593 1518 1646; x_wconf 82' lang='lat' dir='ltr'>oppofitusS</span> <span class='ocrx_word' id='word_1_146' title='bbox 1538 1594 1738 1635; x_wconf 80' lang='lat' dir='ltr'>meridiem</span> <span class='ocrx_word' id='word_1_147' title='bbox 1755 1607 1842 1636; x_wconf 76' lang='lat' dir='ltr'>ver-</span> 
     </span>
     <span class='ocr_line' id='line_1_22' title="bbox 519 1657 1843 1713; baseline 0.002 -14"><span class='ocrx_word' id='word_1_148' title='bbox 519 1659 574 1699; x_wconf 77' lang='lat' dir='ltr'>sus</span> <span class='ocrx_word' id='word_1_149' title='bbox 605 1659 784 1713; x_wconf 81' lang='lat' dir='ltr'>dirigatur</span> <span class='ocrx_word' id='word_1_150' title='bbox 805 1692 815 1710; x_wconf 87' lang='lat'>,</span> <span class='ocrx_word' id='word_1_151' title='bbox 847 1669 956 1711; x_wconf 81' lang='lat' dir='ltr'>atque</span> <span class='ocrx_word' id='word_1_152' title='bbox 991 1658 1118 1710; x_wconf 73' lang='lat' dir='ltr'>singuli</span> <span class='ocrx_word' id='word_1_153' title='bbox 1156 1657 1275 1697; x_wconf 74' lang='lat' dir='ltr'>verius</span> <span class='ocrx_word' id='word_1_154' title='bbox 1309 1667 1363 1704; x_wconf 82' lang='lat'>32</span> <span class='ocrx_word' id='word_1_155' title='bbox 1416 1669 1620 1699; x_wconf 71' lang='lat' dir='ltr'>ventorum</span> <span class='ocrx_word' id='word_1_156' title='bbox 1674 1660 1843 1713; x_wconf 79' lang='lat' dir='ltr'>regiones</span> 
     </span>
     <span class='ocr_line' id='line_1_23' title="bbox 522 1721 1846 1776; baseline 0.002 -14"><span class='ocrx_word' id='word_1_157' title='bbox 522 1734 692 1776; x_wconf 75' lang='lat' dir='ltr'>vergant.</span> <span class='ocrx_word' id='word_1_158' title='bbox 767 1722 890 1763; x_wconf 75' lang='lat' dir='ltr'>Partes</span> <span class='ocrx_word' id='word_1_159' title='bbox 931 1722 1144 1761; x_wconf 86' lang='lat' dir='ltr'>loculorum</span> <span class='ocrx_word' id='word_1_160' title='bbox 1176 1733 1197 1761; x_wconf 89' lang='grc' dir='ltr'><strong><em>ο</em></strong></span> <span class='ocrx_word' id='word_1_161' title='bbox 1231 1722 1266 1760; x_wconf 90' lang='lat' dir='ltr'>iu</span> <span class='ocrx_word' id='word_1_162' title='bbox 1302 1721 1479 1775; x_wconf 82' lang='lat' dir='ltr'>angulum</span> <span class='ocrx_word' id='word_1_163' title='bbox 1520 1734 1670 1763; x_wconf 83' lang='lat' dir='ltr'>acutum</span> <span class='ocrx_word' id='word_1_164' title='bbox 1724 1723 1846 1765; x_wconf 80' lang='lat' dir='ltr'>versus</span> 
     </span>
     <span class='ocr_line' id='line_1_24' title="bbox 523 1785 1841 1840; baseline -0.001 -13"><span class='ocrx_word' id='word_1_165' title='bbox 523 1786 777 1840; x_wconf 81' lang='lat' dir='ltr'>peripheriam</span> <span class='ocrx_word' id='word_1_166' title='bbox 819 1796 999 1826; x_wconf 83' lang='lat' dir='ltr'>exeuntes</span> <span class='ocrx_word' id='word_1_167' title='bbox 1032 1785 1101 1825; x_wconf 77' lang='lat' dir='ltr'>sint</span> <span class='ocrx_word' id='word_1_168' title='bbox 1135 1795 1314 1840; x_wconf 67' lang='lat' dir='ltr'>opertae,</span> <span class='ocrx_word' id='word_1_169' title='bbox 1369 1785 1550 1838; x_wconf 79' lang='lat' dir='ltr'>reliquum</span> <span class='ocrx_word' id='word_1_170' title='bbox 1583 1786 1683 1840; x_wconf 89' lang='lat' dir='ltr'>quod</span> <span class='ocrx_word' id='word_1_171' title='bbox 1717 1788 1760 1826; x_wconf 87' lang='lat' dir='ltr'>ad</span> <span class='ocrx_word' id='word_1_172' title='bbox 1783 1787 1841 1827; x_wconf 86' lang='lat' dir='ltr'>fo-</span> 
     </span>
     <span class='ocr_line' id='line_1_25' title="bbox 520 1846 1842 1904; baseline 0.001 -14"><span class='ocrx_word' id='word_1_173' title='bbox 520 1846 651 1890; x_wconf 75' lang='lat' dir='ltr'>ramen</span> <span class='ocrx_word' id='word_1_174' title='bbox 686 1853 726 1891; x_wconf 88' lang='lat' dir='ltr'>X</span> <span class='ocrx_word' id='word_1_175' title='bbox 759 1850 983 1890; x_wconf 87' lang='lat' dir='ltr'>extendetur</span> <span class='ocrx_word' id='word_1_176' title='bbox 1013 1859 1051 1888; x_wconf 93' lang='lat' dir='ltr'>ct</span> <span class='ocrx_word' id='word_1_177' title='bbox 1083 1860 1258 1904; x_wconf 88' lang='lat' dir='ltr'>opertum</span> <span class='ocrx_word' id='word_1_178' title='bbox 1278 1849 1348 1890; x_wconf 86' lang='lat' dir='ltr'>crit</span> <span class='ocrx_word' id='word_1_179' title='bbox 1369 1882 1379 1902; x_wconf 91' lang='lat'>,</span> <span class='ocrx_word' id='word_1_180' title='bbox 1397 1848 1636 1904; x_wconf 78' lang='lat' dir='ltr'>distinguatur</span> <span class='ocrx_word' id='word_1_181' title='bbox 1672 1849 1783 1903; x_wconf 67' lang='lat' dir='ltr'>pictis</span> <span class='ocrx_word' id='word_1_182' title='bbox 1803 1851 1842 1891; x_wconf 85' lang='lat' dir='ltr'>in</span> 
     </span>
     <span class='ocr_line' id='line_1_26' title="bbox 520 1913 1195 1969; baseline 0 -15"><span class='ocrx_word' id='word_1_183' title='bbox 520 1915 684 1955; x_wconf 89' lang='lat' dir='ltr'>modum</span> <span class='ocrx_word' id='word_1_184' title='bbox 716 1915 847 1956; x_wconf 86' lang='lat' dir='ltr'>amufii</span> <span class='ocrx_word' id='word_1_185' title='bbox 880 1913 1028 1969; x_wconf 76' lang='lat' dir='ltr'>singulis</span> <span class='ocrx_word' id='word_1_186' title='bbox 1061 1914 1195 1954; x_wconf 88' lang='lat' dir='ltr'>ventis.</span> 
     </span>
    </p>
   </div>
   <div class='ocr_carea' id='block_1_8' title="bbox 1152 2010 1211 2050">
    <p class='ocr_par' dir='ltr' id='par_1_8' title="bbox 1152 2010 1211 2050">
     <span class='ocr_line' id='line_1_27' title="bbox 1152 2010 1211 2050; baseline -0.068 0"><span class='ocrx_word' id='word_1_187' title='bbox 1152 2010 1211 2050; x_wconf 87' lang='lat' dir='ltr'>X.</span> 
     </span>
    </p>
   </div>
   <div class='ocr_carea' id='block_1_9' title="bbox 526 2080 1844 2253">
    <p class='ocr_par' dir='ltr' id='par_1_9' title="bbox 526 2080 1844 2253">
     <span class='ocr_line' id='line_1_28' title="bbox 638 2080 1844 2138; baseline -0.001 -13"><span class='ocrx_word' id='word_1_188' title='bbox 638 2083 785 2125; x_wconf 84' lang='lat' dir='ltr'>Omnia</span> <span class='ocrx_word' id='word_1_189' title='bbox 814 2085 966 2138; x_wconf 82' lang='lat' dir='ltr'>deniqne</span> <span class='ocrx_word' id='word_1_190' title='bbox 999 2084 1169 2124; x_wconf 79' lang='lat' dir='ltr'>industria</span> <span class='ocrx_word' id='word_1_191' title='bbox 1202 2080 1358 2121; x_wconf 68' lang='lat' dir='ltr'>artificis</span> <span class='ocrx_word' id='word_1_192' title='bbox 1389 2083 1438 2122; x_wconf 84' lang='lat' dir='ltr'>ita</span> <span class='ocrx_word' id='word_1_193' title='bbox 1471 2091 1643 2135; x_wconf 80' lang='lat' dir='ltr'>aptentur</span> <span class='ocrx_word' id='word_1_194' title='bbox 1675 2090 1714 2122; x_wconf 87' lang='lat' dir='ltr'>ct</span> <span class='ocrx_word' id='word_1_195' title='bbox 1749 2095 1844 2125; x_wconf 86' lang='lat' dir='ltr'>con—</span> 
     </span>
     <span class='ocr_line' id='line_1_29' title="bbox 526 2145 1843 2202; baseline 0.001 -14"><span class='ocrx_word' id='word_1_196' title='bbox 526 2147 721 2202; x_wconf 84' lang='lat' dir='ltr'>iungantur</span> <span class='ocrx_word' id='word_1_197' title='bbox 742 2175 755 2201; x_wconf 82' lang='lat'>‚</span> <span class='ocrx_word' id='word_1_198' title='bbox 807 2159 848 2189; x_wconf 76' lang='lat' dir='ltr'>vt</span> <span class='ocrx_word' id='word_1_199' title='bbox 878 2158 916 2188; x_wconf 91' lang='lat' dir='ltr'>ct</span> <span class='ocrx_word' id='word_1_200' title='bbox 949 2150 1167 2191; x_wconf 81' lang='lat' dir='ltr'>admotum</span> <span class='ocrx_word' id='word_1_201' title='bbox 1220 2145 1286 2188; x_wconf 75' lang='lat' dir='ltr'>siut</span> <span class='ocrx_word' id='word_1_202' title='bbox 1319 2157 1470 2201; x_wconf 79' lang='lat' dir='ltr'>promta</span> <span class='ocrx_word' id='word_1_203' title='bbox 1499 2157 1536 2187; x_wconf 90' lang='lat' dir='ltr'>et</span> <span class='ocrx_word' id='word_1_204' title='bbox 1570 2149 1616 2189; x_wconf 88' lang='lat' dir='ltr'>ad</span> <span class='ocrx_word' id='word_1_205' title='bbox 1656 2150 1843 2202; x_wconf 74' lang='lat' dir='ltr'>impetum</span> 
     </span>
     <span class='ocr_line' id='line_1_30' title="bbox 1745 2224 1843 2253; baseline 0.01 -1"><span class='ocrx_word' id='word_1_206' title='bbox 1745 2224 1843 2253; x_wconf 81' lang='lat' dir='ltr'>aens</span> 
     </span>
    </p>
   </div>
  </div>
 </body>
</html>
