1971 2700
422 170 508 216 DE
534 169 745 215 BESTIIS
778 168 1041 216 MARINIS.
1298 182 1386 224 377

201 288 305 342 Epar
335 294 605 340 praemagnum
625 316 635 335 ,
669 283 708 324 in
744 293 785 332 5.
820 286 862 322 6.
895 282 1006 324 lobos
1035 281 1194 324 diuisum
1215 314 1227 336 ,
1259 285 1383 325 colore

86 351 249 393 vitulino
279 349 394 391 simile
415 376 425 392 ,
461 349 499 388 in
531 360 573 388 ea
604 356 727 401 parte,
746 347 810 388 vbi
840 345 1115 400 diaphragmati
1147 346 1265 387 firmo
1294 347 1389 400 liga-

89 425 227 456 mento
275 413 437 465 alligatur
455 443 466 462 ,
516 422 611 450 vena
660 422 747 450 caua
786 410 1029 465 peramplum
1070 409 1219 451 saccum
1272 410 1390 450 veluti

89 479 252 531 stagnum
283 475 426 528 efficit,
458 472 630 527 sanguine
661 474 847 528 repletum
868 504 879 526 ,
911 473 1045 514 eadem
1079 466 1223 529 prorsus
1241 474 1332 514 facie
1348 485 1391 513 ac

90 544 128 584 in
164 541 300 595 phoca.

208 602 372 644 Veficula
404 600 508 643 felle‘a
540 602 706 644 debitum
738 602 868 643 locum
900 598 1071 656 ⁴'occupat
1089 632 1101 654 ‚
1141 600 1302 655 oblonga
1341 598 1394 641 est

92 667 281 720 multaque
314 664 386 707 bile
417 666 560 706 referta.

209 731 328 771 Renes
359 729 476 781 duplo
509 730 697 782 longiores
728 741 841 782 quam
872 728 965 780 lati,
999 740 1048 767 ex
1085 731 1186 768 106.
1213 738 1395 769 renuncu-

94 795 140 835 lis
172 792 383 847 pentagonis
415 792 580 845 adeoque
598 792 790 846 pluribus,
824 803 939 845 quam
975 791 1014 829 in
1046 791 1191 844 phoca,
1225 791 1393 830 conflan-

97 866 155 897 tur
173 888 183 908 ‚
213 856 348 908 duplici
398 856 621 895 membrana
670 855 919 895 obuoluuntur
937 886 948 905 ,
980 851 1117 894 harum
1150 854 1304 895 interior
1339 853 1398 893 in-

97 929 198 960 terna
229 928 334 971 parte
365 918 549 959 reticulata
583 917 742 971 singulos
773 916 992 957 renunculos
1024 929 1044 956 a
1076 916 1110 957 se
1141 918 1305 957 inuicem
1344 915 1401 955 di-

96 982 282 1022 scriminat
299 1014 310 1033 ,
341 981 629 1022 renunculorum
649 981 847 1020 interstitiis
865 988 1006 1019 acereta
1023 980 1183 1020 cernitur
1195 1009 1206 1029 ‚
1230 979 1337 1019 aliter
1354 989 1397 1018 ac

98 1057 262 1097 vnquam
297 1044 482 1085 obseruaui
515 1047 555 1084 in
588 1045 748 1084 aliorum
791 1042 1006 1083 animalium
1055 1042 1213 1083 renibus.
1278 1040 1404 1096 Quili-

99 1108 162 1147 bet
194 1107 405 1147 renunculus
438 1108 662 1159 peculiarem
696 1104 905 1159 papillam,
941 1105 1115 1143 arteriam
1149 1113 1188 1141 et
1213 1112 1403 1142 vreterem

99 1170 237 1213 habet,
270 1170 370 1220 pelui
403 1170 643 1207 destituuntur
674 1179 808 1218 rene53
845 1174 1006 1204 vreteres
1038 1174 1168 1205 autem
1202 1165 1238 1204 in
1274 1167 1315 1203 6.
1345 1176 1403 1204 ra-

100 1243 185 1272 mos
217 1230 370 1270 maiores
391 1259 401 1279 ,
435 1238 472 1267 et
505 1230 657 1268 tandem
692 1228 783 1268 duos
815 1237 973 1267 vreteres
1005 1227 1192 1281 generales
1220 1227 1405 1280 colligun-

98 1303 169 1333 tur.
236 1291 341 1330 Vena
373 1303 460 1331 caua
491 1291 617 1332 iisdem
651 1291 761 1345 plane
796 1291 1008 1331 maeandris
1039 1292 1247 1343 eademque
1280 1289 1371 1330 facie
1389 1321 1402 1342 ,

99 1364 142 1394 vt
175 1355 213 1394 in
249 1353 370 1406 phoca
392 1386 403 1404 ,
435 1354 480 1393 ad
513 1367 615 1394 renes
655 1354 791 1407 pergit.

214 1418 337 1458 Renes
371 1416 621 1457 succenturiati
652 1417 744 1457 nihil
777 1430 797 1457 a
826 1417 1025 1458 communi
1056 1417 1138 1470 lege
1177 1416 1404 1456 aberrabant.

215 1479 342 1520 Vesica
378 1480 530 1520 vrinaria
564 1480 706 1532 forma,
725 1481 998 1533 magnitudine,
1029 1480 1285 1532 connexione,
1312 1477 1406 1519 nihil

105 1555 126 1583 a
160 1542 303 1596 phocae
334 1543 453 1582 vesica
486 1544 622 1583 differt.

221 1605 326 1644 Penis
356 1607 392 1644 in
425 1618 527 1646 mare
557 1608 592 1663 in
627 1608 760 1659 vagina
795 1607 853 1647 fila
886 1606 948 1648 sub
980 1615 1066 1647 cute
1099 1606 1304 1646 reconditus
1332 1615 1403 1652 31.

109 1667 263 1720 pollices
295 1668 339 1707 ab
371 1678 545 1709 extremo
578 1670 697 1710 rostro
730 1669 941 1722 exseritur,
976 1683 1048 1709 vna
1082 1682 1168 1709 cum
1189 1669 1407 1722 corporibus

110 1729 306 1782 spongiofis
336 1731 434 1769 osseo
464 1731 577 1772 fulcro
609 1734 711 1785 penis
751 1733 917 1774 subierstis
954 1737 1012 1781 855
1048 1733 1201 1786 pollices
1249 1733 1407 1784 longus,

111 1792 252 1831 osseum
285 1790 435 1830 fulcrum
470 1797 531 1839 6(-5
571 1795 711 1845 pollicis
743 1797 896 1847 longum
918 1828 929 1846 ,
967 1797 1127 1834 anterius
1177 1796 1378 1834 rotundum
1398 1824 1409 1844 ‚

111 1855 277 1907 glabrum
328 1863 364 1891 ct
411 1855 527 1894 veluti
569 1857 743 1908 capitello
780 1859 967 1898 munitum
988 1889 998 1908 ,
1048 1857 1223 1910 posterius
1272 1857 1409 1909 pariter

113 1918 317 1968 capitatum
339 1946 348 1962 ‚
386 1916 577 1958 iacui-uum
602 1951 612 1967 ‚
647 1918 802 1959 fulcrum
837 1933 994 1961 concaua
1029 1922 1178 1959 incurua
1214 1929 1316 1974 parte
1343 1918 1411 1958 sul-

113 1990 250 2018 catum:
272 1979 306 2016 in
327 1978 396 2017 hoc
418 1978 512 2018 sulco
535 1983 677 2021 xretlua
697 1984 859 2022 tendinca
880 1985 968 2023 iacet
986 1993 1022 2022 ct
1041 1983 1211 2036 capitello
1231 1984 1414 2035 ligamen·

116 2053 156 2081 to
174 2042 227 2079 stu
248 2041 381 2080 fienulo
406 2043 576 2082 mimum
607 2057 646 2083 ac
683 2046 897 2097 capitellum
936 2047 1077 2085 osseum
1098 2047 1412 2098 ambit,corporu

117 2104 301 2156 spongiofii
320 2104 524 2156 glanduloia.
544 2109 667 2158 potius
681 2139 690 2157 ,
713 2121 822 2161 quam
850 2108 1038 2163 spongiola
1055 2109 1131 2148 dici
1147 2118 1347 2150 merentur.

180 2167 300 2208 Tom.
325 2167 372 2207 11.
399 2168 497 2209 Nou.
523 2167 734 2211 Commcnt
934 2172 966 2213 B
997 2172 1019 2213 b
1054 2172 1077 2212 b
1295 2170 1414 2210 anua
