1971 2700
430 162 516 215 DE
549 154 814 219 NVMERIS
848 152 1181 202 PERFECTm.
1412 174 1468 215 99

169 291 318 320 merum
351 289 428 318 non
461 275 532 317 esse
568 273 759 328 primum,
791 269 851 312 sed
883 283 953 326 per
981 280 1088 321 439.
1123 267 1345 312 diuifibilem
1363 303 1376 324 ‚
1407 271 1477 314 de.

168 341 384 385 monstrauit
403 338 482 381 Cel.
502 337 659 379 Eulerus
674 334 778 391 supra
796 334 956 388 allegato
974 335 1093 376 Tom.
1130 345 1202 375 vx.
1249 331 1474 377 Commeat.

313 438 348 487 ς.
385 451 452 486 19.
487 434 600 477 Nunc
631 443 725 486 quae
759 431 856 471 circa
887 429 1109 472 solutionem
1161 429 1275 471 trium
1326 430 1474 485 proble-

167 510 315 541 matum
347 499 535 542 monenda
565 495 643 536 sunt
664 528 674 547 ,
708 495 832 547 paucis
864 506 1113 548 exponamus.
1428 495 1433 500 ‘

230 565 390 605 Primum
419 574 441 602 e
475 570 608 602 mente
649 559 826 600 Auctoris
865 558 916 598 ita
949 557 1127 598 soluitur:
1169 555 1318 613 Quaere
1356 566 1465 612 pote-

166 626 297 668 statem
330 625 459 667 binarii
491 624 678 665 eleuatam
710 622 755 663 ad
791 633 993 662 numerum
1027 620 1219 674 primum,
1253 620 1346 662 haec
1376 621 1467 662 vni-

165 698 242 731 tate
273 688 472 740 mulctata,
504 687 606 728 dabit
639 687 706 727 tibi
739 696 939 726 numerum
971 686 1145 738 primum
1184 684 1339 736 perfficii
1372 698 1463 740 pro-

165 753 372 794 dustorem.

225 815 439 859 Secundum.
471 814 635 855 Inuento
667 822 826 852 numero
859 810 989 864 primo
1021 806 1177 862 perfesti
1211 807 1439 861 produemre
1456 843 1469 864 ‚

161 879 233 921 duc
265 892 351 920 eum
386 880 426 919 in
459 878 688 933 potestatem
730 873 822 917 NB.
863 873 1131 915 antecedentem
1163 871 1316 924 binarii,
1347 871 1473 915 secun-

161 942 252 983 dum
286 941 385 999 (¹36.
407 955 520 999 prop.
554 939 648 996 xx.)
695 937 921 994 productum
954 936 1042 978 fistit
1092 943 1294 977 numerum
1345 935 1467 991 perstz·

159 1005 279 1047 etum.

223 1067 267 1107 T
262 1072 403 1109 ertium.
437 1067 596 1109 Inuenta
626 1066 729 1119 supra
776 1065 880 1106 series
926 1075 1175 1105 numerorum
1223 1062 1371 1117 parium
1420 1065 1471 1105 ita

161 1131 211 1171 est
244 1131 454 1171 adhibenda
472 1163 483 1182 ‚
515 1140 557 1170 vt
589 1129 828 1169 solummodo
857 1128 995 1168 inuenti
1036 1127 1166 1166 ordine
1206 1127 1357 1166 numeri
1391 1128 1474 1180 pri-

160 1194 248 1243 mi,
281 1192 535 1245 perfeetorum
568 1190 814 1244 prodiicstores
831 1222 843 1243 ‚
876 1191 914 1230 in
948 1189 1173 1244 potestatem
1208 1189 1340 1231 binarii
1373 1188 1467 1232 NB.

149 1251 415 1310 fiaebsequentem
446 1255 626 1295 ducantur
643 1286 656 1306 ,
696 1252 826 1307 reliqui
856 1263 983 1295 autem
1032 1251 1205 1294 asterisco
1223 1285 1234 1305 ‚
1277 1253 1341 1295 vel
1372 1254 1470 1296 notis

157 1319 354 1359 numericis
373 1319 557 1361 Romanis
576 1326 773 1370 notentur,
793 1318 976 1372 quoniam
994 1330 1016 1358 e
1040 1325 1171 1358 mente
1197 1315 1356 1358 auc'coriS.
1380 1317 1465 1359 nul-

156 1380 213 1421 los
230 1382 437 1435 producere
466 1381 591 1422 valent
608 1393 784 1428 numeros
801 1381 1008 1435 perfeecos‚
1040 1380 1079 1421 id
1097 1379 1198 1434 quod
1225 1393 1247 1421 e
1266 1378 1370 1434 supra
1402 1382 1468 1422 ad-

156 1445 266 1485 dueta
299 1446 445 1487 Tabula
477 1441 505 1485 δ
539 1445 672 1486 melius
699 1445 876 1500 colligere
898 1478 909 1498 ‚
941 1458 1056 1500 quam
1076 1444 1241 1499 pluribus
1257 1444 1384 1485 verbis
1408 1444 1472 1486 hic

156 1507 356 1549 describere
389 1509 488 1550 licet.

305 1605 340 1654 (5.
365 1616 435 1644 20.
473 1603 666 1662 Quoniam
698 1612 825 1665 autem
865 1605 934 1646 tria
975 1604 1067 1646 haec
1108 1603 1347 1658 problemata
1386 1612 1468 1643 vno

158 1665 366 1722 eodemque
397 1669 560 1709 nituntur
589 1668 837 1711 fimdamento
858 1701 870 1721 ‚
911 1680 1031 1722 eoque
1073 1680 1152 1708 non
1195 1667 1276 1709 satis
1314 1666 1432 1706 firmo
1450 1697 1462 1717 ‚

159 1732 286 1782 prouti
320 1733 424 1784 supra
458 1732 706 1774 monstratum
741 1733 812 1774 effe
844 1733 951 1773 nobis
981 1731 1256 1786 persuademus,
1284 1729 1377 1770 serio
1394 1730 1459 1770 do-

158 1792 276 1832 lemus
309 1794 487 1834 iasturam
519 1798 703 1855 temporis
732 1797 969 1849 improbique
1000 1796 1135 1836 laboris
1174 1791 1234 1835 Cl.
1274 1792 1432 1835 audioris
1452 1821 1467 1845 ,

156 1867 272 1908 quem
306 1856 393 1896 alias
423 1858 552 1911 magni
585 1858 738 1899 fecimus
768 1858 952 1913 hucusque
980 1868 1018 1899 et
1067 1859 1242 1899 faciemus
1290 1856 1465 1910 semper,

157 1917 242 1958 licet
275 1921 419 1971 magnis
448 1919 506 1959 his
538 1921 626 1961 ausis
656 1921 762 1961 nobis
780 1921 887 1974 plane
914 1921 1089 1962 excidisse
1107 1923 1290 1962 videatur.
1352 1918 1467 1975 Quod

156 1980 336 2034 reliquum
370 1983 423 2022 est
441 2014 451 2034 ‚
486 1984 572 2022 viro
604 1982 698 2024 haud
735 1984 936 2037 vulgariter
968 1984 1084 2025 doeio
1118 1984 1320 2025 meliorem
1336 1980 1466 2023 succes-

156 2043 234 2084 sum
266 2046 306 2085 in
340 2044 419 2085 aliis
462 2045 615 2086 cruditis
661 2046 970 2089 meditationibus
1020 2056 1061 2088 ct
1107 2048 1366 2089 conaminibus
1413 2057 1462 2086 ex

154 2108 286 2149 animo
318 2109 568 2163 adprecarnur.

759 2206 859 2247 N2
1374 2204 1454 2246 DE
