1971 2700
441 175 518 217 DE
550 170 761 215 BESTIJS
798 172 1050 217 MARINIS
1354 192 1440 229 μη

139 286 207 340 ipsi
242 288 428 327 euadunt:
460 289 556 326 inter
588 298 721 325 omues
742 285 829 325 [etas
861 285 1011 325 craffitie
1030 296 1091 324 eae
1131 285 1299 325 eminent
1325 319 1331 336 ‚
1356 302 1446 340 quae

139 352 232 390 intra
276 351 367 390 labia
422 350 597 400 Vtriusque
648 349 879 388 mandibulae
928 349 1146 401 prodeunt,
1180 349 1216 387 in
1249 349 1446 390 :mellendis

138 412 228 452 fucis
260 414 425 452 dentium
459 414 557 451 vices
586 410 736 451 subeunt
758 444 768 462 ‚
801 422 838 451 et
872 424 918 450 ne
971 411 1058 464 quid
1104 413 1198 451 inter
1251 413 1445 452 mastican-

137 477 230 516 dum
261 488 310 515 ex
342 486 409 514 ore
439 473 585 518 excidat
614 474 828 528 prohibent.
895 474 1052 514 Inferior
1085 474 1239 514 maxilla
1272 474 1442 528 luperioti

139 538 316 589 breuior,
345 535 416 576 sola
447 537 599 577 mobilis
617 568 631 589 ‚
665 537 760 578 labia
790 547 913 578 autem
978 537 1160 591 vtriuiique
1194 538 1373 578 maxillae
1406 549 1445 579 vt

137 602 176 640 in
226 602 401 641 iumentis
449 610 661 641 mouentur.
747 601 816 642 His
866 601 1006 654 plantas
1053 601 1274 641 submarinas
1292 633 1302 653 ‚
1356 615 1444 655 quas

137 663 292 704 brachiis
321 673 602 704 auerruncarunt
635 677 654 703 a
673 664 770 703 *saxis
789 697 799 715 ,
829 665 957 716 rigidis
977 695 987 713 ‚
1024 673 1063 703 et
1092 664 1163 703 esui
1199 665 1322 704 minus
1347 665 1444 717 aptis

136 727 314 767 radicibus
344 735 380 766 et
411 726 571 767 caulibus
603 727 653 766 ita
687 727 924 776 detondent,
958 735 1002 765 vt
1034 726 1147 765 veluti
1186 726 1290 765 cultri
1332 728 1444 766 obtu-

134 787 168 828 ίῑι
199 791 276 830 acie
307 788 446 829 abscifla
479 799 691 843 appareant.
760 789 868 845 Quae
902 789 947 828 ab
982 789 1090 828 vndis
1122 789 1233 828 aneto
1265 789 1361 827 aestu
1404 790 1442 828 im

133 851 218 891 litus
241 852 469 903 eliminatur,
495 865 538 892 ac
563 853 744 906 igentibus
769 852 909 892 aceruis
933 851 979 890 ad
1006 851 1109 891 littus
1132 852 1291 892 iacentes
1316 850 1442 904 hospi-

134 923 215 954 turn
226 914 360 955 horum
371 917 534 969 praesens
543 916 747 968 hospitium
764 916 845 955 litus
864 913 1122 954 obambulanti
1141 915 1303 955 indicent
1316 946 1326 965 ,
1343 913 1441 954 hunc

133 976 170 1016 in
191 976 307 1018 finem
317 991 401 1019 cum
423 979 542 1018 caules
561 980 787 1019 marinarum
801 979 1011 1031 plantarum
1028 977 1231 1017 tenaciores
1240 989 1280 1017 ac
1294 977 1440 1018 craffio-

136 1051 191 1079 res
207 1053 318 1093 quam
338 1041 558 1081 terrestrium
580 1042 787 1094 plantarum
800 1073 810 1091 ,
830 1041 926 1081 labia
944 1040 1056 1080 etiam
1088 1041 1210 1080 multo
1236 1040 1440 1081 robustiora

134 1114 177 1141 ac
186 1103 331 1143 duriora
348 1104 478 1144 strueta
490 1104 587 1153 lunt,
606 1117 716 1156 quam
726 1104 948 1154 reliquorum
968 1103 1190 1141 animalium
1212 1102 1437 1142 terrestrium

132 1165 332 1215 omnium,
361 1165 452 1203 hinc
478 1174 517 1203 et
542 1165 635 1203 labia
662 1166 732 1203 esui
754 1166 906 1216 inepta,
933 1176 1000 1203 nec
1028 1165 1252 1214 elixatione,
1281 1176 1347 1204 nec
1365 1165 1440 1205 alio

131 1236 353 1278 quocunque
372 1227 493 1266 modo
509 1225 674 1267 emolliri·
698 1225 864 1278 possunt,
893 1227 1037 1267 interna
1058 1227 1242 1267 labiorum
1263 1227 1440 1268 strue'tura

129 1288 180 1327 ita
213 1298 430 1340 comparata
462 1289 543 1340 est,
575 1298 616 1328 vt
647 1289 805 1329 disciffie
840 1289 940 1329 velut
972 1290 1137 1330 tabulam
1172 1289 1454 1331 Schacharimr

129 1349 399 1391 eminutiffimis
431 1352 566 1392 areolis
595 1352 828 1392 constantem
869 1353 1025 1392 referant
1046 1385 1056 1402 ,
1109 1353 1186 1392 (imt
1215 1353 1346 1393 scilicet
1377 1355 1436 1394 in-

130 1414 277 1453 numeri
311 1414 573 1465 minutissimi,
610 1415 712 1455 craffi
733 1446 744 1466 ‚
784 1415 884 1455 rub-ri
904 1447 916 1464 ,
958 1415 1201 1455 rhomboidei
1252 1416 1313 1455 vel
1363 1427 1436 1456 tra-

131 1476 301 1527 pezoidei
334 1478 513 1529 musculi,
548 1478 674 1531 quibus
705 1478 848 1531 aequali
879 1489 1043 1518 numero
1071 1478 1131 1518 alii
1163 1478 1237 1519 albi
1254 1479 1436 1520 tendinofi

131 1537 269 1578 reticuli
317 1539 427 1580 instar
467 1539 629 1581 cellulofi
679 1542 949 1594 pinguedinem
983 1541 1152 1581 fluxilem
1201 1542 1436 1583 continentes

134 1599 398 1642 interfeminati
428 1603 523 1643 sunt.
567 1605 671 1644 Haec
702 1605 796 1644 labia
830 1605 1019 1645 mediante
1051 1616 1144 1658 aqua
1184 1604 1320 1644 elixata
1347 1606 1433 1657 pin-

129 1663 330 1713 guedinem
364 1677 523 1706 omnem
555 1666 730 1707 fitcillime
764 1668 990 1721 largiuntur,
1039 1680 1109 1720 qua
1148 1667 1326 1708 exhausta
1358 1667 1432 1708 cel·-

130 1724 224 1764 lulae
256 1727 355 1765 albae
388 1728 490 1767 velut
523 1739 578 1769 tot
617 1730 768 1770 reticula
818 1729 1007 1770 tendinola
1055 1740 1253 1784 apparent.
1317 1731 1439 1773 Ratio

130 1786 237 1827 huius
267 1787 461 1829 structurae
491 1790 630 1842 triplex
663 1792 761 1831 mihi
793 1793 951 1832 videtur.

248 1862 286 1890 1.
322 1850 374 1890 Vt
401 1852 515 1891 robur
543 1852 727 1893 labiorum
748 1866 790 1894 ac
809 1854 960 1894 densitas
978 1864 1181 1907 augeantur
1202 1867 1271 1895 nec
1305 1868 1434 1896 noxae·

126 1913 274 1954 cuidam
305 1922 483 1954 externae
514 1914 618 1954 fircile
650 1917 816 1957 obnoxia
850 1917 933 1956 smt.

245 1987 285 2015 2.
318 1973 418 2016 Cum
452 1986 564 2029 caput
598 1989 636 2018 et
668 1979 804 2019 caudae
834 1979 969 2018 horum
1005 1979 1255 2022 musculormn
1284 1982 1336 2021 ita
1372 1982 1430 2022 di·-

126 2037 256 2090 sposita
287 2038 355 2078 fint
374 2071 384 2090 ,
431 2049 475 2079 vt
501 2049 615 2093 caput
634 2073 644 2091 ‚
679 2040 817 2080 rustum
868 2042 1015 2093 oblique
1034 2074 1044 2092 ,
1078 2045 1213 2083 caudae
1246 2044 1317 2085 scil.
1342 2058 1428 2086 mu-

125 2098 305 2144 scutorum
336 2103 483 2157 oblique
513 2104 698 2145 verticem
733 2103 898 2156 spectent
920 2136 931 2157 ‚
963 2117 1006 2145 ac
1039 2106 1087 2146 ita
1121 2107 1256 2149 finibus
1285 2118 1327 2148 et
1360 2110 1426 2148 ini-

700 2166 729 2208 P
761 2180 789 2222 p
825 2180 849 2218 3
1341 2171 1428 2210 tiis-
