1971 2700
1065 264 1229 324 ‹1⁶›

637 386 825 440 Proponit
866 386 969 426 hunc
1010 385 1049 425 in
1092 383 1214 426 finem
1257 381 1478 424 machinam
1528 382 1714 437 quandam
1756 386 1803 428 ad

485 452 589 493 cuius
637 451 964 492 constructionem
1013 460 1154 500 magna
1193 447 1348 502 quidem
1389 448 1503 501 copia
1536 451 1713 490 mercurii
1749 462 1810 490 re-

487 515 677 568 quiritur,
719 527 835 568 quam
877 523 1010 552 tamen
1044 521 1215 552 accurate
1251 511 1330 551 satis
1363 511 1580 552 construere
1603 544 1612 562 ,
1647 521 1685 551 et
1716 512 1810 554 diui.

486 579 578 619 dere
623 579 761 627 docet,
806 586 850 616 vt
892 574 1072 616 omnibus
1090 606 1101 626 ,
1143 587 1235 628 quae
1267 574 1459 630 hucusque
1490 575 1710 630 praeuiderc
1742 588 1813 631 po·

491 643 564 681 tuit
592 672 603 692 ‚
644 648 862 679 occurratur
903 639 1035 679 dubiis.

639 711 954 766 Descriptionem
997 713 1102 753 huius
1140 713 1341 754 machinae
1381 713 1599 754 vberiorem
1651 715 1814 756 lectores

491 779 534 818 in
576 774 835 818 differt-atione
876 776 953 830 ipsa
993 778 1216 829 inuenient‚
1258 778 1297 818 id
1330 778 1435 818 nobis
1465 778 1598 819 saltem
1633 780 1816 820 adiic1en-

489 842 584 882 dum
610 872 619 890 ,
668 841 920 894 cogitationes
970 840 1038 881 has
1088 840 1189 881 haud
1227 841 1400 895 indignas
1447 842 1551 896 effe,
1583 854 1627 883 vt
1659 845 1814 897 experi-

491 915 628 946 mento
669 905 999 958 comprobentur,
1042 906 1225 958 quoniam
1246 938 1257 956 ,
1290 905 1316 945 si
1348 905 1410 947 vel
1444 909 1623 949 maxime
1663 918 1816 948 euentus

490 980 572 1009 non
623 970 662 1008 in
695 969 877 1009 omnibus
916 967 1053 1009 exacte
1094 968 1344 1021 respoudeat,
1393 978 1456 1009 aut
1499 981 1627 1011 natura
1667 972 1818 1012 calculis

492 1032 578 1085 ipfis
620 1031 654 1071 se
698 1032 810 1084 plane
861 1031 986 1071 subiici
1030 1029 1129 1069 forte
1171 1031 1344 1081 recuset,
1391 1042 1639 1085 vnaquaeque
1686 1044 1816 1076 tamen

489 1096 630 1134 veritas
685 1106 754 1146 per
804 1094 1072 1146 experimenta
1114 1091 1268 1131 stabilita
1310 1093 1533 1144 reipublicae
1577 1095 1681 1133 vtilis
1727 1109 1818 1137 cen-

489 1157 601 1198 senda
640 1156 693 1197 est
731 1157 914 1196 literati-ac
932 1189 942 1208 ‚
985 1154 1163 1209 siquidem
1222 1154 1322 1194 haud
1364 1155 1497 1195 leuiter
1548 1157 1728 1198 conducit
1770 1161 1818 1201 ad

491 1220 635 1263 limites
677 1220 908 1275 cognitionis
947 1220 1094 1261 nostrae
1133 1217 1435 1272 amplificandos,

501 1393 541 1431 C.
575 1395 626 1434 G.
661 1394 1059 1435 KRATZENSTEINH
1107 1393 1170 1431 DE
1204 1390 1426 1429 STATERA
1470 1392 1822 1434 GEOGRAPHICA

830 1447 894 1483 ET
931 1444 1150 1484 NAVTICA
1177 1442 1500 1482 DISSERTATIO.

491 1578 679 1682 Autor
712 1586 788 1625 iam
825 1583 1076 1637 perficiendae
1107 1584 1177 1623 arti
1211 1582 1413 1634 nauticae,
1449 1591 1629 1637 quatenus
1661 1583 1736 1623 hoc
1763 1596 1816 1626 ex

620 1649 706 1688 foro
748 1648 976 1688 mechanico
1020 1646 1103 1687 fieri
1146 1647 1298 1701 potest,
1341 1648 1505 1687 intentus
1545 1647 1591 1686 de
1626 1647 1817 1688 methodo

492 1711 656 1764 quadam
699 1712 896 1753 meditatus
934 1712 986 1751 cst
1006 1745 1017 1764 ‚
1049 1724 1120 1764 qua
1153 1711 1317 1752 eleuatio
1358 1711 1434 1765 poli
1470 1710 1602 1765 absque
1636 1711 1713 1750 vlia
1747 1712 1812 1752 ob-

489 1775 698 1816 seruatione
741 1777 995 1815 astronomica
1038 1776 1195 1815 inueniri
1239 1773 1377 1828 poffct.
1440 1772 1540 1814 Cum
1584 1777 1689 1812 enim
1725 1786 1815 1814 nau-

490 1847 553 1878 tae
587 1841 727 1892 saepius
759 1854 830 1893 per
864 1841 1027 1892 integras
1069 1839 1327 1879 hebdomades
1367 1846 1524 1891 propter
1558 1836 1712 1875 coelum
1747 1848 1815 1875 nu-

490 1901 610 1941 bilum
653 1902 934 1942 obseruationes
971 1902 1175 1941 latitudinis
1215 1901 1401 1941 instituere
1442 1907 1661 1950 nequeant,
1697 1897 1815 1937 adeo.

489 1977 564 2018 que
613 1978 662 2004 cx
709 1966 781 2004 iola
831 1967 1045 2004 directione
1096 1974 1135 2001 et
1177 1963 1438 2001 aestimatione
1485 1961 1629 2000 itineris
1672 1961 1813 2003 interea

490 2029 680 2081 temporis
719 2031 764 2068 ad
798 2028 892 2067 duos
934 2027 1105 2079 pluresue
1145 2025 1278 2077 gradus
1309 2024 1497 2063 interdum
1534 2023 1607 2063 fiilli
1643 2025 1780 2077 possint
1803 2058 1816 2079 ‚

490 2092 709 2146 praesertim
744 2095 846 2131 curin
881 2090 994 2131 maris
1028 2100 1278 2128 concurrente
1300 2101 1488 2141 ·‚-magno
1522 2088 1643 2126 nautis
1676 2087 1811 2129 iol-atio

490 2154 571 2195 {bre
608 2156 781 2195 iudicauit
814 2165 924 2194 autor
947 2187 956 2205 ,
1001 2153 1026 2193 si
1060 2153 1122 2192 sub
1154 2153 1337 2192 eiusmodi
1380 2151 1669 2191 circumstantiis
1700 2166 1807 2192 com-

492 2220 614 2260 modo
646 2220 812 2274 quodam
845 2219 966 2261 modo
998 2217 1192 2258 iustiorem
1235 2217 1422 2258 calculum
1461 2227 1514 2257 cx
1547 2217 1697 2257 inuenta
1733 2217 1811 2255 ele-

1658 2302 1807 2332 vatione
