1971 2700
495 214 585 262 306
809 209 888 252 DE
921 207 1138 254 BESTIIS
1173 203 1443 250 MARINIS.

494 326 652 382 pollices
683 323 777 376 alta,
805 323 920 379 sesqui
953 323 1108 378 pollices
1137 320 1249 362 crass‘a
1281 319 1356 371 est,
1388 316 1555 360 musculis
1585 317 1719 360 caudae
1735 331 1802 360 ve-

492 391 560 432 luti
593 402 664 443 per
695 386 941 441 Gomphosm
974 386 1142 427 inseritur
1173 384 1232 425 seu
1263 383 1436 424 canalem
1469 381 1743 436 triangularem.

612 450 767 492 Caudae
806 453 916 504 pinna
936 451 1063 490 leuiter
1097 448 1274 501 sorcipata
1309 447 1390 498 est,
1435 458 1475 486 ac
1511 447 1629 486 ambo
1669 457 1806 487 cornua

496 516 662 555 ciusdem
699 513 966 566 magnitudinis
986 545 997 563 ,
1031 512 1133 552 aliter
1167 524 1208 551 ac
1245 512 1280 550 in
1315 510 1473 564 plicibus
1506 510 1659 549 marinis
1694 519 1809 561 gran-

497 578 685 626 dioribus,
712 586 752 615 vt
771 574 897 616 Galeis
915 587 951 615 ct
971 576 1167 625 similibus,
1187 575 1223 614 in
1241 587 1315 628 quo
1332 587 1418 614 cum
1441 572 1597 613 Bal-‚tenu
1616 573 1810 625 conuenit,

495 641 544 681 ita
562 650 598 680 et
616 640 754 680 caudae
776 641 913 693 pinuae
934 650 979 680 vt
1000 639 1038 678 in
1059 638 1255 679 Phoc-aena
1274 648 1311 677 ct
1331 635 1495 679 Balcana
1516 636 1682 677 lateribus
1695 668 1705 687 ,
1732 646 1810 676 non

495 715 540 744 vt
571 707 608 743 iu
645 704 826 758 pier’uque
861 701 1037 756 piscibus,
1071 700 1177 742 doni»
1197 701 1368 755 parallel-a
1399 702 1550 752 exiliit,
1585 710 1691 741 motu
1726 712 1808 742 cau·

497 769 567 808 dae
603 767 780 821 placido,
820 766 940 806 versus
979 767 1088 806 latera
1142 765 1283 818 placide
1318 764 1522 805 antrorliim
1556 774 1685 815 natat,
1725 776 1809 804 ver-

499 830 552 871 sus
583 830 732 870 dorsum
768 842 805 869 et
840 840 1014 870 ventrem
1047 841 1178 881 corpus
1210 829 1515 881 impetuosillimc
1557 827 1739 882 propellit
1773 836 1812 868 et

499 894 731 934 trahentium
768 894 1011 932 inimicorum
1047 892 1217 932 manibus
1246 889 1439 932 subducere
1473 903 1602 932 tentat.

616 955 911 997 Curiosissimum
943 957 1119 995 omnium
1155 955 1194 993 in
1227 967 1304 1007 quo
1335 956 1475 996 animal
1508 956 1582 996 hoc
1615 956 1662 996 ab
1688 955 1816 996 omni-

499 1019 568 1060 bus
599 1030 679 1060 tam
716 1018 938 1059 terrestribus
968 1031 1081 1072 quam
1125 1016 1294 1056 marimis
1335 1019 1536 1072 amphibiis
1574 1031 1613 1059 et
1643 1019 1816 1059 animali-

499 1084 567 1124 bus
598 1083 782 1136 discrepat
803 1114 815 1133 ,
849 1081 997 1122 brachia
1029 1081 1106 1122 suut
1138 1080 1195 1120 scu
1215 1079 1241 1121 si
1291 1083 1414 1121 mauis
1448 1083 1558 1135 pedes
1587 1084 1816 1133 anteriores,

499 1145 650 1197 scapulis
682 1147 816 1186 scilicet
854 1145 976 1185 statim
1011 1157 1031 1183 a
1065 1145 1166 1184 collo
1215 1144 1289 1183 duo
1323 1144 1472 1185 brachia
1513 1145 1710 1199 iunguntur
1746 1148 1817 1192 26}

500 1208 594 1262 poll.
629 1208 739 1262 longa
759 1241 769 1258 ‚
803 1208 896 1247 binis
938 1205 1252 1246 articulationibus
1299 1207 1534 1258 constantia,
1586 1207 1745 1260 superius
1775 1221 1820 1250 os

500 1271 654 1313 humeri
686 1284 773 1311 cum
809 1271 961 1324 scapulis
990 1281 1058 1323 per
1091 1268 1323 1308 arthrodiam
1358 1270 1576 1309 articulatur.

618 1332 720 1374 Cum
753 1334 842 1374 vlna
875 1343 913 1372 et
946 1334 1054 1373 radio
1087 1332 1174 1372 ficut
1207 1333 1244 1370 in
1278 1331 1461 1372 homine:
1497 1333 1585 1373 vlna
1626 1344 1662 1374 ct
1704 1334 1819 1375 mdius

501 1396 771 1451 praefiniuntur
801 1408 889 1436 curn
926 1395 1125 1436 metatarlo
1156 1404 1193 1434 et
1228 1393 1349 1444 tarso,
1382 1395 1584 1446 digitorum
1617 1407 1679 1436 aut
1720 1398 1818 1438 nulla

502 1459 659 1513 vestigia
692 1461 818 1500 adsunt
867 1470 984 1512 aeque
1019 1471 1062 1498 ac
1096 1457 1279 1510 vnguium
1321 1467 1359 1496 et
1390 1457 1610 1510 virgularum
1630 1491 1640 1509 ,
1684 1472 1818 1501 verum

502 1522 616 1566 tarsus
646 1533 684 1563 et
718 1522 932 1564 metatarsus
971 1520 1084 1562 solida
1133 1520 1389 1574 pinguedine,
1437 1521 1565 1561 multis
1612 1523 1821 1563 tendinibus

503 1597 544 1628 et
576 1587 782 1640 ligamentis
810 1596 895 1627 cute
928 1598 970 1626 ac
1004 1585 1160 1626 cuticula
1195 1585 1245 1624 ita
1286 1583 1529 1636 ambiuntur,
1570 1595 1613 1625 vt
1645 1595 1819 1640 amputa·

504 1660 587 1691 tum
624 1650 842 1690 membrum
876 1649 1088 1690 humanum
1124 1659 1212 1688 cum
1243 1656 1325 1687 cute
1359 1647 1597 1689 obductum:
1634 1659 1712 1689 tam
1751 1661 1817 1689 ve-

503 1725 549 1755 ro
580 1713 700 1764 cutis,
736 1725 849 1767 quam
900 1713 1095 1766 praecipue
1145 1710 1303 1751 cuticula
1344 1711 1394 1750 ibi
1428 1711 1590 1752 multum
1642 1711 1816 1765 cmffior,

504 1777 634 1817 durior
666 1789 710 1816 ac
742 1776 900 1828 siccior,
949 1775 1114 1828 adeoque
1152 1773 1303 1814 brachia
1353 1784 1521 1814 extrema
1574 1774 1698 1815 chelas
1747 1789 1816 1829 po·

503 1841 575 1881 tius
603 1847 666 1880 aut
700 1839 881 1894 vugulam
913 1838 1137 1879 caballinam
1171 1836 1320 1878 obscure
1353 1837 1512 1878 referunt
1531 1871 1542 1891 ,
1573 1851 1705 1880 verum
1749 1851 1815 1880 vn-

505 1903 591 1956 gula
622 1902 801 1943 caballina
831 1903 973 1944 acutior
1003 1912 1041 1942 et
1072 1902 1192 1955 magis
1239 1902 1448 1942 acuminata
1502 1901 1666 1954 adeoque
1718 1902 1817 1944 sodi·

507 1966 608 2006 endo
641 1968 765 2019 aptior
796 1966 848 2006 est
870 1998 881 2017 ‚
919 1965 1043 2019 supine
1073 1964 1202 2005 chelae
1250 1964 1322 2004 hae
1370 1963 1514 2018 glabrae
1548 1974 1584 2004 ct
1623 1977 1817 2009 connexae

506 2027 588 2067 sunt
607 2059 618 2078 ,
652 2029 802 2069 inferius
834 2029 963 2082 planae
983 2058 993 2077 ,
1025 2027 1314 2081 quodammodo
1344 2037 1544 2067 excauatae
1575 2040 1617 2068 ac
1645 2030 1816 2072 innume-

506 2089 554 2131 ris
585 2089 796 2133 denfiffime
827 2091 957 2147 positis
995 2090 1078 2131 sctis
1111 2094 1125 2138 ς
1159 2089 1311 2129 vnciam
1351 2089 1472 2144 longis
1520 2092 1634 2134 veluti
1683 2095 1816 2148 leopae

507 2151 665 2209 asperae.

1725 2219 1815 2270 Vidi
