1971 2700
453 204 532 248 DE
561 203 781 248 BESTIIS
814 203 1087 247 MARINIS.
1349 210 1444 258 347.

256 321 299 362 In
330 319 404 361 {inu
435 320 546 359 maris
578 315 794 359 Penchinici
814 323 1015 370 'nunquam
1047 323 1272 366 cernuntur,
1321 329 1443 369 neque

142 390 178 428 in
199 387 300 426 terris
332 381 607 424 Kamtschaticis
628 412 639 432 ‚
673 393 730 421 aut
750 380 867 421 insulis
884 379 1053 422 kurillicis
1072 384 1107 420 in
1127 379 1262 421 siccum
1285 392 1444 432 exeunt,

143 449 208 490 nisi
241 447 413 488 rariffime
434 477 444 496 ,
477 458 596 498 neque
630 443 745 485 vllibi
767 444 1086 498 capiuntur‚.nisi
1118 445 1156 484 in
1194 454 1233 490 3.
1269 444 1444 484 kurillicis

142 511 262 554 intulis
291 521 328 551 et
357 509 490 549 abhinc
524 511 569 550 ad
604 509 740 552 ostium
775 508 1064 550 Kamtschatkae
1081 508 1201 559 fluuii,
1219 508 1256 547 in
1277 508 1323 548 sic
1342 507 1446 549 dieto

144 575 369 616 Bobrowoie
401 585 536 623 more,
571 583 592 613 a
625 573 739 626 gradu
772 574 852 613 latit
890 583 958 621 50.
993 573 1038 613 ad
1077 575 1145 620 56.

257 638 306 678 Hi
337 637 409 677 vrsr
439 646 707 689 praetereuntes
739 636 864 676 insulas
893 635 1076 677 kurillicas
1108 636 1234 688 primo
1282 646 1368 674 vere
1407 644 1445 676 et

143 701 384 756 Septembri,
419 712 529 754 parce
561 701 758 753 capiuntur
789 700 887 739 circa
928 699 1062 738 ostium
1099 699 1200 738 fluuii
1250 697 1447 752 Dschnpa-

143 779 253 806 nowa
301 765 391 805 disti
434 773 472 804 et
516 764 599 803 inde
631 764 676 803 ad
708 762 1018 816 promontorium
1053 760 1246 800 Kronozki
1281 760 1448 813 frequen⁴

145 831 255 869 tiores
272 860 283 880 ,
322 829 360 868 in
393 827 472 872 hoc
501 825 635 866 scilicet
666 826 756 866 loco
788 826 886 865 inter
919 824 996 864 duo
1036 823 1297 876 promontoria
1349 822 1448 863 Kro-

141 890 336 932 nozkiense
365 901 401 931 et
435 889 688 943 Schipunense
721 900 829 931 mare,
858 887 1113 940 tranquillius,
1147 887 1328 939 mul-tique
1358 886 1452 926 sinus

141 968 185 995 ac
219 954 364 995 receffiis
383 987 395 1005 ,
424 954 515 994 hinc
548 962 588 992 et
619 952 795 992 animalia
814 953 851 990 in
871 951 1021 991 transitu
1055 949 1187 990 diutius
1218 949 1278 990 hic
1296 961 1453 989 moran-

142 1027 201 1058 tur
247 1027 285 1057 et
324 1017 570 1071 frequentiora
609 1016 817 1069 capiuntur.
881 1014 1059 1064 Omnes,
1092 1013 1153 1066 qui
1187 1013 1314 1065 primo
1363 1024 1452 1052 vere

143 1081 364 1133 capiuntur,
397 1082 467 1120 vix
499 1091 576 1118 non
609 1077 806 1118 foemellae
848 1076 925 1118 sunt
944 1109 955 1128 ,
994 1077 1211 1127 foetumque
1255 1076 1323 1114 vix
1374 1087 1452 1115 non

142 1144 347 1184 ablolutum
358 1143 394 1182 in
415 1151 521 1182 vtero
536 1151 691 1193 gerunt,
707 1141 768 1192 qui
786 1139 899 1179 excisi
914 1138 1032 1178 foetus
1049 1136 1282 1189 Wiporotki
1300 1137 1452 1179 audiunt

141 1216 180 1246 et
211 1216 260 1244 ex
292 1204 348 1243 his
379 1203 468 1241 locis
497 1210 682 1253 quotquot
713 1201 897 1242 habentur
936 1210 1192 1254 apportantur.
1267 1200 1332 1240 Ab
1377 1201 1450 1241 ini·

142 1268 198 1308 tio
233 1264 329 1305 Iunii
378 1263 504 1303 nullibi
537 1263 696 1316 amplius
727 1275 907 1317 apparent
940 1276 1052 1318 vsque
1084 1264 1130 1304 ad
1165 1262 1279 1302 finem
1320 1266 1455 1318 Augu⁴

139 1329 182 1370 sti
202 1359 213 1377 ,
248 1327 308 1368 vbi
342 1338 431 1367 cum
464 1327 568 1380 prole
600 1336 832 1367 reuertuntur
863 1326 982 1367 versus
1030 1325 1318 1367 meridionalem
1370 1328 1452 1380 pla-

141 1404 263 1446 gam3
296 1403 316 1430 a
352 1389 480 1430 multis
509 1390 613 1430 annis
656 1390 828 1430 animalia
879 1390 970 1431 haec
1015 1390 1234 1444 vagabunda
1286 1389 1453 1431 mirandi

141 1465 179 1494 et
211 1454 419 1494 meditandi
452 1453 555 1493 causa
585 1455 787 1494 extiterunt
817 1453 1012 1506 gentilibus
1031 1485 1041 1504 ,
1079 1465 1213 1493 eorum
1258 1452 1452 1493 venationi

142 1515 322 1570 intentis:,
354 1517 453 1556 vnde
489 1529 577 1557 nam
611 1517 701 1557 haec
735 1517 911 1557 animalia
947 1517 1076 1569 primo
1120 1527 1205 1555 vere
1246 1513 1452 1557 venirent?

144 1578 315 1632 quorsum
348 1579 439 1620 haec
474 1579 709 1633 pinguissima
728 1612 739 1631 ,
775 1581 1007 1633 praegnanti-a
1040 1578 1214 1619 animalia
1247 1578 1454 1619 innumeris

145 1643 311 1695 gregibus
342 1642 566 1685 tenderent?
597 1656 733 1697 quaeue
766 1644 870 1685 huius
903 1642 1161 1696 emigrat-inni»
1191 1640 1317 1681 causae
1345 1638 1451 1682 {int}

147 1718 254 1758 quare
285 1717 470 1746 autumno
502 1717 580 1748 tam
615 1707 808 1747 macilenta
830 1739 841 1758 ,
875 1706 1024 1746 exsucca
1057 1716 1095 1746 et
1129 1705 1266 1745 viribus
1305 1717 1452 1745 enerua-

148 1777 185 1808 ta
236 1781 322 1807 cum
358 1770 466 1820 prole
500 1769 763 1810 reuertuntur?
804 1776 842 1810 e't
875 1767 1083 1822 quorsum?

262 1830 491 1870 Dumarunt
524 1832 672 1882 quidem
708 1843 756 1870 ex
790 1831 883 1881 hoc,
914 1833 1011 1883 quod
1047 1832 1174 1871 omnia
1195 1831 1283 1870 liaec
1307 1831 1454 1871 anima*

149 1894 195 1934 lia
228 1895 354 1946 primo
388 1893 508 1932 statim
546 1906 628 1932 vere
662 1893 894 1946 pingniss'ima
927 1906 948 1934 e
982 1894 1211 1934 meridionali
1249 1894 1357 1946 plaga
1387 1906 1451 1932 ve-

150 1958 268 1996 nirent
300 1966 336 1996 ct
366 1967 414 1994 eo
448 1967 713 1996 reuerterentur
743 1968 952 2006 autumna),
986 1958 1043 1996 ilia
1080 1959 1231 2010 longum
1265 1958 1334 1996 iter
1375 1968 1454 1996 non

148 2019 331 2060 absoluere
351 2051 361 2068 ,
395 2030 510 2070 neque
544 2019 789 2069 hybernacula
825 2020 974 2059 illorum
1009 2021 1116 2072 louge
1169 2020 1301 2059 abhinc
1352 2020 1455 2059 abfu-

149 2093 229 2123 tura
250 2115 261 2133 ,
292 2083 377 2122 alia>
409 2084 569 2122 n2m1⁵.:m
603 2084 638 2122 in
663 2083 788 2122 itinere
821 2084 1086 2123 nunciarentur
1107 2116 1117 2133 ,
1151 2084 1285 2122 deinde
1303 2083 1456 2123 conclu-

147 2146 267 2187 serunt
298 2158 349 2186 ex
381 2157 450 2197 e0,
482 2147 582 2200 quod
615 2158 751 2187 omnes
786 2145 904 2188 versus
933 2160 1115 2190 ormntem
1135 2157 1350 2200 pergerent,
1385 2156 1453 2184 nec

705 2210 749 2248 X
781 2220 808 2250 x
844 2222 869 2248 2
1356 2207 1452 2245 vltra
