1971 2700
944 182 1434 202 -n—-n——u———w-—q-—Q

547 399 626 441 DE
660 395 1029 442 REDVCTIONE

134 469 559 533 LINEARVM
614 466 1077 527 CVRVARVM
1142 465 1263 526 AD
1307 465 1440 529 AR-

436 563 583 623 CVS
629 561 1142 622 CIRCVLARES.

688 654 880 685 AchoRE

618 711 666 752 L.
701 711 736 751 E
744 712 783 752 V
792 710 826 749 L
836 710 871 750 E
879 711 916 753 R
927 709 977 750 O.

338 838 398 866 um
431 825 615 867 dimensio
648 826 824 867 linearum
856 837 1048 866 curuarum
1067 824 1103 864 in
1123 825 1327 879 geometria
1364 826 1443 867 sub-

366 890 506 930 limiori
524 891 688 929 maximi
706 890 848 943 semper
866 890 1052 929 momenti
1072 889 1114 929 sit
1132 889 1276 942 habita,
1295 889 1414 930 Celeb
1434 906 1443 931 ε

367 953 522 994 Ioannes
553 951 742 994 Bernoulli
782 953 873 993 fines
904 952 1012 992 huius
1062 952 1232 993 scientiae
1282 953 1446 994 mirifice

367 1017 526 1057 dilataffe
561 1015 753 1055 censendus
771 1017 821 1055 est
839 1049 850 1066 ‚
868 1017 958 1055 dum
979 1027 1028 1054 ex
1045 1017 1337 1057 consideratione
1362 1029 1449 1056 mo-

143 1092 199 1122 tus
230 1080 381 1132 reptorii
414 1079 691 1130 longitudinem
725 1079 876 1117 cuiusuis
909 1078 1028 1116 lineae
1059 1091 1190 1119 curuae
1224 1094 1290 1133 per
1321 1091 1450 1120 arcum

145 1144 270 1184 circuli
301 1141 513 1191 exprimere
540 1136 686 1177 docuit.
761 1137 941 1178 Summus
973 1144 1120 1192 quoque
1150 1141 1351 1181 Leibnitius
1376 1143 1451 1182 hoc

145 1207 336 1245 inuentum
369 1201 461 1240 tanti
493 1200 749 1253 existimauit,
800 1198 842 1242 vt
873 1215 959 1243 cum
995 1201 1039 1241 de
1081 1205 1210 1255 primo
1259 1205 1452 1245 volumine

146 1265 303 1309 Miscell.
350 1263 489 1304 Berol·v
512 1264 658 1304 edendo
692 1266 903 1319 cogitaret,
943 1263 1201 1308 Bernoullium
1220 1269 1426 1308 incitauerit
1444 1302 1454 1319 ,

145 1340 190 1371 vt
221 1329 405 1384 specimen
438 1327 544 1367 huius
575 1328 747 1369 methodi
776 1328 1002 1369 inserendum
1035 1331 1158 1371 secum
1191 1334 1455 1373 communica·
1483 1346 1487 1350 ’

146 1403 216 1434 ret.
280 1394 410 1432 Tanto
452 1392 572 1432 maius
602 1392 690 1432 huic
722 1393 875 1432 inuento
893 1395 1054 1446 pretium
1074 1395 1126 1434 est
1144 1396 1420 1449 imponendum
1439 1426 1450 1446 ,

148 1470 234 1497 cum
269 1455 342 1496 iola
377 1454 528 1505 analysis
577 1456 645 1494 vix
685 1455 804 1496 vllum
839 1457 978 1496 aditum
1029 1459 1074 1498 ad
1107 1458 1212 1499 istam
1265 1458 1450 1499 reductio-

149 1533 240 1560 nem
276 1520 474 1559 concedere
506 1519 686 1558 videatur.
752 1520 829 1575 Qui
862 1521 963 1561 enim
999 1521 1071 1560 sola
1123 1521 1260 1572 analysi
1292 1522 1344 1562 vsi
1377 1522 1453 1561 hoc

152 1583 346 1636 negotium
380 1582 555 1635 expedire
586 1582 664 1622 sunt
706 1583 861 1633 conati,
911 1582 1004 1622 nihil
1052 1583 1125 1623 fere
1177 1584 1457 1636 praestiterunt,

155 1648 252 1699 quod
271 1658 346 1684 non
365 1658 431 1697 per
451 1644 483 1683 ie
504 1644 588 1684 estet
606 1646 773 1687 obuium.
810 1645 914 1686 Hanc
934 1647 983 1686 ob
1002 1658 1082 1686 rem
1103 1646 1321 1700 methodus,
1342 1660 1454 1699 quam

155 1709 216 1749 hic
251 1709 326 1748 sum
360 1708 617 1761 expositurus,
648 1721 724 1749 non
760 1722 895 1764 patum
929 1709 1097 1750 Vtilitatis
1128 1710 1257 1750 afferre
1290 1711 1455 1761 videtur,

155 1773 252 1811 cuius
285 1771 499 1821 beneficio,
534 1772 724 1824 proposita
760 1774 852 1814 linea
902 1785 1011 1813 curu-a.
1063 1786 1274 1827 quacunque
1295 1806 1304 1824 ,
1354 1785 1456 1812 arcus

157 1834 279 1873 circuli
314 1833 482 1871 exhiberi
527 1835 643 1884 potest
676 1836 741 1887 ipsi
776 1837 952 1889 proxime
984 1838 1168 1889 aequali53
1216 1847 1252 1876 et
1287 1836 1346 1875 ille
1378 1835 1458 1888 qui-

155 1897 247 1936 dem
280 1895 352 1948 ipse
385 1907 530 1946 quoque
550 1927 560 1945 ,
591 1897 650 1949 qui
686 1910 750 1951 per
786 1908 935 1938 motum
969 1901 1177 1952 reptorium
1219 1900 1409 1940 inuenitur.

652 1984 946 2045 Definitio.

280 2087 316 2115 1.
353 2073 661 2126 Amplitudincm
696 2074 813 2114 lineae
863 2089 994 2117 cutuae
1030 2077 1064 2117 A
1088 2077 1133 2118 M
1175 2091 1264 2118 cum
1318 2077 1576 2118 Ceiebe’ranr.

163 2135 375 2178 Bernoullio
409 2136 555 2177 vocabo
587 2138 759 2190 angulum
797 2140 829 2177 Α
854 2140 892 2180 N
917 2141 991 2193 M,
1023 2154 1137 2195 quem
1173 2127 1519 2183 noi-malesANfiss·
1547 2135 1577 2157 ¹⁹

186 2211 187 2214 ¹
753 2202 790 2240 A
826 2214 848 2241 2
1425 2217 1462 2246 et
