1971 2700
504 222 735 276 &25:030-
767 231 795 263 0
829 221 1061 276 Ηεεεεεε
1373 239 1433 280 49·

121 335 474 403 SOLVTIO
515 332 1005 395 PROBLEMAT
1010 333 1069 392 IS
1091 331 1431 398 DIFFICIL-

341 434 466 480 LIMI
498 434 539 476 A
573 435 872 477 FERMATIO
916 433 1217 478 PROPOSITI.

676 505 872 535 Ave-rom:

620 560 672 606 L.
706 560 944 604 EVLERQ

718 690 753 739 §.
793 701 833 729 1.

243 801 445 844 uamquam
502 788 738 844 problemata
758 821 769 841 ‚
822 800 916 842 quae
963 787 1060 831 olim
1102 785 1221 828 solutu
1262 787 1435 831 'difficilia

273 854 353 895 finit
386 854 511 894 habita
531 887 542 905 ‚
573 853 689 894 hodie
738 852 958 907 plerumque
1006 853 1057 894 ob
1097 851 1189 892 fines
1246 852 1434 904 analyseos

124 929 319 974 tantopere
363 927 563 972 promotos
602 916 696 958 nihil
738 918 799 957 vel
843 929 976 970 parum
1025 914 1256 957 difficultatis
1296 915 1437 957 habere

119 981 274 1036 solent;
311 992 439 1022 tamen
473 981 549 1022 hoc
579 982 617 1020 in
649 993 697 1020 co
729 980 1009 1034 problematum
1050 991 1183 1034 genere
1202 1011 1214 1031 ,
1247 990 1339 1033 quae
1389 980 1436 1021 ad

121 1047 353 1087 methodum
386 1044 600 1096 Diophanti
634 1045 854 1095 pertinent,
895 1055 975 1083 non
1009 1043 1071 1083 vsu
1108 1044 1224 1084 venit.
1290 1042 1335 1083 ln
1366 1043 1437 1083 hac

120 1110 226 1148 enim
261 1107 448 1158 analyseos
465 1116 566 1158 parte
585 1106 670 1156 post
703 1106 885 1144 Fermatii
919 1115 1112 1157 tempora,
1132 1107 1193 1157 qui
1228 1106 1436 1157 plurimum

118 1171 228 1212 studii
263 1179 303 1207 et
335 1179 470 1218 operae
505 1168 544 1205 in
587 1177 630 1204 ea
671 1165 879 1207 feliciffimo
927 1179 1016 1207 cum
1065 1166 1222 1207 succeffu
1281 1168 1436 1208 consum

119 1231 163 1271 fit
181 1263 192 1282 ,
226 1241 305 1269 non
338 1227 456 1268 solum
491 1229 585 1269 nihil
618 1228 712 1270 vltra
744 1229 958 1282 praestitum
993 1230 1062 1271 esse
1095 1232 1245 1271 videtur
1264 1263 1274 1283 ,
1308 1232 1367 1272 sed
1399 1246 1436 1272 e-

119 1293 214 1334 tiam
248 1292 339 1346 hoc>
358 1291 516 1332 studium
549 1305 570 1333 a
604 1293 830 1346 geometris,
862 1294 924 1347 qui
956 1307 1045 1335 eum
1080 1293 1159 1335 sunt
1193 1294 1331 1347 secuti,
1364 1296 1437 1336 fere

118 1357 265 1411 penitus
289 1355 342 1396 est
374 1355 600 1409 neglectum.
666 1356 719 1396 Et
751 1357 778 1397 si
811 1367 938 1397 antem
972 1371 1016 1399 ea
1048 1358 1233 1411 analyseos
1265 1372 1367 1412 pars,
1395 1360 1434 1400 in

119 1433 190 1474 qua
225 1418 482 1460 mathematici
515 1419 630 1460 hodie
664 1420 898 1473 potiffimum
932 1421 1139 1475 versantur,
1168 1423 1218 1462 ob
1252 1422 1433 1463 summam

118 1484 322 1524 Vtilitatem
342 1516 353 1535 ,
378 1496 498 1537 ,quam
539 1484 585 1523 ad
626 1482 777 1536 reliquas
815 1483 981 1523 scientias
1019 1493 1129 1537 atque
1171 1495 1265 1525 artes
1305 1486 1435 1538 copio-

121 1545 253 1587 fiffime
286 1546 424 1599 affert,
460 1546 569 1586 omni
601 1546 711 1587 laude
729 1548 902 1587 maxime
929 1548 1041 1600 digna
1059 1547 1113 1588 est
1144 1546 1345 1587 habenda:
1380 1557 1436 1587 ta-

121 1621 210 1650 men
241 1609 350 1650 altera
385 1622 532 1664 quoque
564 1623 677 1664 pars,
716 1622 810 1663 quae
847 1610 887 1650 in
925 1622 1090 1651 numeris
1130 1610 1182 1650 est
1223 1619 1403 1663 occupata
1421 1643 1433 1663 ,

119 1681 159 1712 et
190 1674 235 1713 ad
284 1674 516 1727 problemata
567 1674 851 1715 indeterminata
901 1673 1072 1715 soluenda
1105 1673 1272 1714 adhiberi
1312 1674 1430 1727 tolet,

123 1735 264 1776 idcirco
317 1738 476 1777 minime
518 1738 567 1778 est
600 1739 874 1779 contemnenda
897 1770 908 1789 ,
941 1751 1029 1779 cum
1064 1739 1102 1778 in
1138 1751 1181 1778 ea
1209 1738 1433 1791 plerumque

118 1795 264 1837 summa
299 1799 436 1850 ingenii
470 1802 524 1840 vis
556 1812 725 1842 cernatur
772 1811 880 1856 atque
921 1803 966 1843 ab
1015 1802 1175 1853 analysta
1236 1813 1312 1840 non
1350 1811 1431 1841 mea

120 1859 256 1900 diocris
290 1861 458 1912 fitgacitas
488 1864 702 1915 requiratur.

236 1923 273 1970 §.
311 1934 348 1959 2⁷
389 1923 494 1977 Quae
524 1938 610 1965 cum
646 1927 695 1967 ita
728 1925 796 1966 smt
826 1938 1045 1981 comparata
1065 1961 1076 1980 ‚
1110 1941 1152 1968 ea
1184 1926 1289 1967 huius
1320 1938 1433 1980 gene-

119 1986 167 2026 ris
217 1985 481 2039 problemata,
535 1999 629 2040 quae
669 2001 690 2028 a
733 1989 927 2028 Fermatio
976 1991 1212 2044 summopere
1267 1990 1433 2029 difficilia

118 2050 198 2089 sunt
237 2050 417 2099 uidit-ata,
457 2054 588 2090 eadem
620 2059 657 2090 et
689 2050 801 2091 hodie
836 2065 911 2092 non
947 2055 1062 2107 magis
1097 2054 1188 2093 fiista
1226 2052 1300 2092 finit
1346 2053 1432 2093 fici-

119 2112 200 2165 liaz,
244 2113 403 2165 hincque
437 2112 624 2165 studium,
657 2116 826 2166 quod-in
860 2128 995 2156 eorum
1030 2119 1214 2157 solutione
1249 2117 1431 2169 ponitur,

125 2188 200 2217 nou
237 2175 338 2216 male
372 2175 588 2216 collocatur.
656 2178 836 2231 Proponit
868 2190 993 2221 autem
1023 2183 1223 2222 Fermatius
1248 2184 1285 2220 in
1312 2192 1429 2220 anno·

186 2239 225 2280 T
226 2250 310 2280 om.
347 2237 400 2282 11.
419 2238 526 2282 Nou.
549 2239 775 2284 Comment.
1000 2242 1042 2287 G
1323 2235 1414 2282 r‘atio
