1971 2700
776 208 905 265 (5)

348 338 390 377 3.
441 324 634 381 Proposita
675 323 769 366 linea
816 337 926 367 curua
966 337 1183 382 quacunque
1231 325 1368 370 AMB.
1412 342 1507 383 quae

415 390 556 445 vbique
598 390 644 430 ad
686 389 845 430 eandem
888 400 1035 443 partem
1078 391 1124 433 sit
1164 403 1329 433 concaua
1351 425 1361 443 ,
1403 393 1504 435 inue-

414 455 498 494 nire
538 465 667 494 arcum
711 453 843 494 circuli
878 466 903 494 a
922 454 946 495 b
977 453 1047 507 ipss
1076 457 1260 510 proxime
1295 456 1502 509 aequalem.

342 531 386 569 4.
431 517 626 571 Proposita
658 516 777 570 ellipfi
807 529 1025 571 quacunque
1058 519 1228 560 inuenire
1261 520 1406 561 radium
1434 521 1507 561 cir-

416 581 492 621 culi
532 582 634 621 cuius
672 579 888 637 peripheria
922 580 966 622 sit
998 583 1158 636 aequalis
1189 585 1373 639 proxime
1404 584 1508 639 peri-

414 653 542 685 metro
576 644 724 698 ellipsis.

345 720 385 759 5.
427 708 726 762 Longitudinem
771 719 878 747 arcus
917 706 1125 761 parabolici
1167 721 1235 762 per
1274 723 1404 752 arcum
1438 712 1512 753 cir-

415 774 490 814 culi
523 773 707 826 proxime
741 771 936 812 exhibere.

345 841 389 877 6.
431 835 473 878 Si
507 849 620 877 curua
663 835 858 889 proposita
897 836 1009 876 filerit
1050 836 1221 888 cyclois‚
1255 835 1422 876 inuenire
1455 848 1513 878 ra-

416 901 523 942 dium
556 899 705 951 circuli,
739 901 840 940 cuius
874 910 1004 953 quarta
1037 912 1120 952 pars
1153 899 1388 954 peripheriae
1421 912 1514 955 pro-

413 965 524 1005 xime
557 964 602 1004 fit
633 963 791 1016 aequalis
822 964 920 1003 arcui
961 962 1156 1015 cycloidis.

197 1031 277 1086 Qui
308 1028 450 1070 horum
483 1028 763 1079 problematum
805 1025 1007 1065 solutiones
1043 1027 1230 1078 elegantes
1247 1060 1257 1079 ‚
1308 1026 1515 1068 nonnullo-

199 1104 360 1144 rumque
391 1091 696 1129 Theorematum
731 1088 1071 1126 demonstrationes
1104 1090 1289 1139 rigorofiis
1308 1091 1516 1142 cognosce--

199 1166 238 1194 re
271 1152 431 1204 gestiunt
450 1183 461 1202 ,
493 1150 519 1188 il
552 1149 652 1189 sitim
686 1147 789 1188 suam
834 1150 873 1190 in
906 1149 1069 1191 leetione
1114 1148 1379 1194 dissertationis
1410 1154 1517 1211 ipsius

199 1214 341 1257 abunde
375 1214 602 1266 restinguere
635 1221 827 1267 poterunt.

197 1337 332 1376 G„W.
363 1335 586 1376 KRAFFTll
620 1335 896 1374 INDAGATIO
938 1337 1182 1376 FOCORVM
1221 1338 1268 1378 IN
1303 1340 1511 1380 OMNIBVS

601 1385 776 1424 CVRVIS
804 1388 1116 1431 POSSIBILIBVS.

196 1481 428 1577 Hodierni
461 1482 696 1527 Geometrae
727 1498 805 1526 nou
838 1498 955 1540 aeque
989 1499 1031 1527 ac
1066 1495 1216 1528 veteres
1251 1489 1289 1527 in
1323 1487 1397 1529 sola
1417 1499 1512 1526 con-

315 1550 536 1590 sideratione
589 1546 837 1590 Geometrica
878 1561 1078 1590 cumarum
1131 1550 1312 1592 subsistere
1363 1549 1483 1590 lolent
1502 1582 1514 1602 ‚

194 1615 256 1655 sed
296 1615 413 1654 etiam
454 1614 679 1654 relationem
722 1625 852 1654 earum
892 1613 1090 1665 Physicam
1126 1614 1298 1667 indagare
1335 1614 1481 1655 student
1500 1644 1511 1666 ‚

195 1677 286 1719 hinc
320 1676 458 1718 factum
501 1677 582 1729 est,
613 1687 658 1716 vt
695 1674 756 1718 Cl.
791 1675 968 1717 Krafftius
989 1710 999 1729 ‚
1042 1676 1106 1731 qui
1140 1677 1514 1730 perspedtumhabe-

195 1741 261 1780 bat
302 1742 340 1779 in
393 1741 511 1793 ellipfi
554 1750 595 1780 et
628 1741 805 1794 parabola
845 1741 1031 1782 ordinaria
1073 1741 1154 1781 dari
1187 1740 1316 1782 focum
1351 1752 1391 1782 et
1424 1741 1516 1782 Ma-

196 1801 448 1843 thematicum
491 1814 528 1843 et
569 1804 773 1855 Phyficum
796 1837 806 1855 ,
859 1804 925 1845 fibi
976 1805 1239 1857 inquirendum
1280 1806 1390 1846 duxit
1412 1838 1422 1856 ,
1465 1816 1513 1844 an

196 1865 315 1903 etiam
351 1866 390 1902 in
427 1866 611 1916 parabolis
641 1876 681 1904 et
712 1866 900 1919 ellipsibus
930 1868 1067 1907 ceteris
1085 1869 1345 1919 superioribus,
1365 1868 1413 1907 de
1432 1867 1509 1920 qui-

198 1928 262 1968 bus
313 1928 449 1980 pariter
488 1927 564 1965 foci
605 1928 790 1967 affirmari
838 1930 957 1969 solent
978 1961 988 1979 ,
1031 1941 1159 1969 reuera
1199 1942 1353 1986 quoque
1389 1930 1508 1971 ambo

198 1992 329 2031 dentur
360 1989 434 2030 foci
456 2021 466 2041 ‚
500 1988 803 2030 Mathematicus
837 1989 970 2030 scilicet
1003 2000 1040 2029 et
1074 1989 1260 2042 Physica&

313 2053 426 2094 Dum
460 2065 551 2105 ergo
583 2053 670 2093 huic
699 2052 929 2106 inquisitioni
963 2066 984 2093 a
1022 2054 1136 2107 priori
1174 2056 1403 2098 methodum
1431 2067 1511 2098 tan-

199 2118 367 2173 gentium
402 2117 583 2158 inuerfiim
616 2117 805 2173 applicat,
838 2116 982 2159 inuenit
1016 2118 1171 2160 tandem
1214 2119 1330 2163 iol-am
1362 2121 1508 2176 ellipfin

768 2192 790 2221 a
824 2188 849 2228 3
1450 2196 1509 2224 or-
