1971 2700
459 158 521 208 46
586 146 919 197 INDAGATIO
949 146 1242 196 FOCORVM
1276 149 1346 192 ΙΝ
1379 145 1651 197 OMNIBVS

462 269 592 313 tium:
625 281 767 324 nempe
802 268 828 310 fi
858 280 908 310 ex
941 267 973 309 F
1003 265 1156 307 ducatur
1189 266 1229 306 in
1262 273 1482 319 tangentem
1526 265 1627 309 re&
1658 265 1780 321 FN,

462 333 637 390 parallela
686 334 754 388 ipsi
796 332 919 388 sM:
951 340 1059 373 erunt
1108 330 1277 384 aequales
1327 327 1425 382 ipliie
1459 328 1550 372 FN
1582 338 1622 370 et
1651 330 1748 374 FM
1771 361 1783 382 .

461 397 539 441 hoc
558 397 631 449 est,
652 397 878 452 triangulum
901 396 946 439 Μ
968 396 996 436 F
1018 393 1055 435 N
1080 395 1149 433 erit
1169 395 1437 447 aequicrumm.
1474 394 1582 435 Nam
1616 393 1669 435 ob
1716 408 1781 449 pa-

467 461 724 516 rallelasfM
761 471 800 502 et
854 459 945 501 FN
990 457 1066 499 erit
1102 456 1204 514 Ts:
1238 456 1683 515 MszTF2NF3
1721 458 1781 501 sed

463 527 517 566 ob
550 525 826 579 proprietatem
859 521 1106 564 theorematis
1131 522 1202 563 erit
1232 523 1350 563 etiam
1372 522 1411 563 T
1418 522 1456 579 s
1465 538 1476 564 ι
1496 521 1543 564 Μ
1555 522 1589 575 s
1598 534 1656 562 z
1674 521 1782 564 TF:

465 587 515 630 M
537 589 565 628 F
586 601 599 640 ;
635 600 725 641 ergo
765 599 816 629 ex
846 587 1065 628 combinata
1114 584 1186 626 hac
1221 586 1472 640 proportione
1521 587 1591 628 erit
1641 597 1789 641 quoque

467 651 558 695 MF
575 663 633 691 z
653 653 692 694 Ν
717 652 761 694 F.
828 650 947 708 Quod
981 650 1085 691 idem
1119 661 1215 690 veto
1253 648 1389 692 facilius
1419 652 1536 694 etiarn
1577 651 1623 693 sic
1657 649 1788 706 proba-

468 715 657 759 turozob
710 715 1007 769 parallelismum
1066 713 1248 755 linearum
1283 713 1330 755 M
1341 714 1382 772 s
1393 748 1405 767 ,
1439 715 1480 758 N
1502 716 1533 758 F
1598 714 1651 756 est
1699 726 1787 769 ang.

467 780 509 821 T
527 779 684 836 Mf:
703 793 790 836 ang.
828 779 875 822 M
896 777 937 820 Ν
960 778 1022 832 F3
1059 776 1116 818 sed
1135 809 1147 829 ,
1194 778 1248 819 ob
1279 777 1532 821 reflexionem
1566 779 1690 830 radii,
1737 777 1791 819 est

466 843 791 901 TMszang.
828 842 1025 897 NMF3
1058 853 1153 899 ergo
1189 843 1314 897 anguli
1339 841 1499 888 MNF
1548 854 1586 885 et
1629 841 1789 886 NMF

466 907 550 950 sunt
583 910 764 964 aequales.

587 973 623 1022 §.
648 986 716 1027 14.
753 971 828 1014 Sed
863 981 906 1013 vt
940 973 1018 1014 iam
1052 973 1309 1026 regrediamur
1342 974 1388 1015 ad
1431 975 1669 1029 propositum
1720 985 1793 1015 no·

468 1036 586 1079 strum
606 1072 619 1091 ‚
647 1039 798 1080 euidens
827 1036 882 1077 est
913 1047 965 1077 ex
998 1036 1042 1076 iis
1060 1067 1071 1087 ,
1104 1048 1198 1089 quae
1230 1035 1415 1090 hucusque
1432 1037 1665 1078 ostendimus
1684 1069 1696 1089 ,
1738 1038 1794 1077 so-

466 1099 543 1142 lam
577 1102 720 1157 ellipsin
752 1101 983 1142 ordinariam
1002 1098 1073 1139 effe
1091 1099 1302 1153 praeditam
1330 1099 1420 1140 focis
1435 1101 1582 1142 duobus
1600 1100 1766 1154 physicis
1783 1132 1796 1154 ,

469 1164 626 1220 reliquas
656 1177 790 1208 omnes
823 1176 921 1205 vero
954 1161 1158 1218 superiores
1193 1162 1337 1205 destitui
1369 1162 1433 1204 tali
1465 1161 1556 1203 soco
1607 1163 1767 1217 physico
1785 1196 1798 1215 ,

469 1231 640 1284 quamuis
700 1228 936 1284 imaginarius
981 1227 1111 1281 aliquis
1159 1225 1258 1268 fixus
1302 1226 1416 1268 tribui
1467 1226 1552 1281 ipsis
1593 1225 1703 1280 poss‘it
1741 1238 1797 1268 ex

471 1294 764 1338 consideratione
797 1291 1000 1346 parametri
1033 1289 1173 1346 (§.3.)
1206 1290 1308 1344 quod
1341 1299 1473 1331 tamen
1515 1289 1701 1344 punctum
1745 1299 1798 1330 ex

471 1369 690 1411 parametro
737 1357 942 1399 definitum
1014 1355 1054 1395 in
1088 1353 1264 1394 omnibus
1311 1353 1557 1408 superioribus
1611 1351 1799 1408 ellipfibus

471 1418 547 1462 foci
582 1435 728 1464 nomen
764 1434 840 1462 non
875 1430 1042 1461 meretur
1102 1418 1271 1472 adeoque
1304 1418 1406 1459 male
1439 1416 1499 1458 his
1528 1418 1647 1459 curuis
1666 1416 1797 1458 tribui-

471 1492 532 1526 tur
550 1519 560 1537 ,
593 1487 678 1540 quia
712 1486 818 1528 facile
851 1485 897 1526 ad
931 1495 1102 1525 errorem
1137 1482 1390 1523 inducendum
1431 1482 1555 1536 potest
1598 1480 1766 1522 inseruire
1785 1512 1799 1534 ,

467 1549 569 1602 quafi
602 1562 746 1602 nempe
777 1549 848 1590 hae
877 1547 1085 1602 superiores
1126 1545 1268 1601 ellipses
1317 1546 1434 1588 etiam
1484 1545 1578 1587 focis
1623 1545 1722 1586 veris
1761 1553 1801 1587 et

467 1610 632 1667 physicis
663 1612 780 1653 essent
813 1612 1015 1666 praeditae.

590 1676 624 1725 §.
653 1687 723 1727 ις.
758 1675 816 1718 Ita
850 1687 943 1729 ergo
975 1675 1091 1715 etiarn
1139 1674 1179 1714 in
1211 1673 1286 1716 sola
1325 1673 1384 1715 illa
1423 1671 1534 1730 ellipfi
1583 1675 1766 1716 ordinaria
1786 1707 1799 1728 ,

471 1740 511 1783 in
543 1752 615 1795 qua
649 1739 822 1782 focorum
856 1739 1031 1780 alteruter
1060 1738 1107 1779 ab
1141 1737 1261 1778 altero
1293 1738 1332 1778 in
1365 1738 1553 1780 infinitum
1572 1740 1678 1779 distat
1697 1772 1708 1789 ,
1735 1739 1800 1780 da-

475 1804 575 1845 bitur
607 1803 709 1846 focus
758 1803 928 1859 physicus
967 1812 1005 1844 et
1039 1802 1170 1854 rmlis,
1219 1802 1400 1842 nimirum
1445 1804 1482 1842 in
1514 1803 1689 1856 parabola
1720 1801 1797 1842 sola

473 1867 746 1922 apolloniana,
793 1869 831 1908 in
865 1879 979 1921 quam
1020 1866 1108 1906 radii
1141 1866 1188 1905 ab
1219 1865 1364 1906 infinita
1392 1865 1561 1906 dili-‚mna
1581 1898 1591 1915 ,
1624 1866 1699 1904 hoc
1717 1864 1798 1916 est,

474 1932 637 1984 paralleli
675 1933 770 1973 inter
803 1929 837 1972 se
856 1964 867 1985 ,
900 1929 1079 1972 incidunt.
1151 1929 1257 1982 Ergo
1275 1929 1519 1969 excluduntur
1537 1940 1556 1965 a
1576 1927 1650 1968 soci
1673 1927 1798 1980 physi—

476 1995 512 2036 ci
550 1995 776 2047 proprietate
809 2005 947 2033 omncs
991 1991 1192 2043 parabolae
1244 1988 1474 2042 superiores,
1530 2004 1621 2043 quae
1680 1991 1797 2032 solum

475 2058 755 2112 geometricum
806 2066 868 2096 aut
924 2055 1188 2108 imaginarium
1255 2052 1438 2094 affiinicre
1501 2056 1660 2108 possunt.
1733 2054 1801 2097 De

478 2120 700 2178 hyperbolis
731 2132 820 2162 vcro
854 2117 946 2160 nihil
989 2130 1085 2174 opus
1115 2117 1169 2159 est
1202 2127 1243 2158 vt
1277 2129 1460 2160 moneam
1479 2151 1490 2171 ,
1543 2119 1622 2160 illas
1672 2120 1801 2160 focum

1668 2184 1805 2226 habere
