1971 2700
372 125 632 170 ECLIPSES
663 124 1071 170 LVMINARWM.
1183 117 1187 120 ’
1341 137 1428 178 445

125 242 201 282 dita
221 274 231 293 ,
262 239 452 282 habebitur
482 238 576 279 linea
606 238 641 279 L
671 241 715 291 i,
764 239 1020 292 hypothemisa
1073 238 1244 292 trianguli
1279 238 1312 279 L
1347 239 1374 279 d
1405 241 1432 280 i.

126 306 182 343 6²⁰
227 304 365 361 Quodsi
398 303 477 341 iam
508 303 730 355 trianguium
773 302 847 342 hoc
880 304 1135 357 redtangulum
1170 302 1203 342 L
1239 304 1267 344 d
1294 305 1338 353 2²,
1372 303 1436 342 da-

126 370 171 407 tis
205 369 242 407 in
276 380 351 418 eo,
382 375 529 418 praeter
561 366 709 405 rectum
743 366 786 406 ad
821 367 873 417 d,
906 368 1044 420 angulo
1077 366 1111 406 L
1144 368 1159 408 i
1192 367 1221 407 d
1237 399 1246 418 ‚
1291 365 1432 419 aequali

124 430 186 471 suo
203 430 343 469 alterno
361 441 386 469 a
409 429 444 485 f
466 427 483 468 l
497 461 508 480 ‚
540 429 639 482 supra
672 442 738 482 pet
757 442 954 470 numerum
976 430 1172 470 secundum
1194 431 1372 479 inuento,
1394 439 1433 469 et

125 495 236 534 latere
256 493 288 534 L
306 494 320 533 i
340 504 499 532 numero
516 493 647 545 quinto
665 492 825 533 definito
841 525 852 544 ‚
872 493 1070 533 reloluatur
1087 526 1097 545 ,
1116 494 1326 533 inuenietur
1344 493 1432 532 inde

125 556 325 608 latusLd‚
357 556 568 596 differentia
597 557 888 596 declinationum
925 557 1051 597 Lunae
1082 566 1121 596 et
1152 556 1270 597 stellae
1288 589 1298 608 ,
1331 566 1434 596 tem-

127 632 220 673 pore
252 619 442 659 contactus
474 619 582 659 limbi
613 620 890 660 antecendentis
924 620 1052 659 Lunae
1086 619 1133 660 M
1165 633 1253 661 cum
1295 618 1435 673 capillo

125 683 159 723 B
185 684 219 722 l)
251 682 420 723 obtinens
454 682 745 722 oscillationibus
797 682 988 735 horologii
1023 684 1067 724 ad
1100 693 1254 723 motum
1310 683 1435 724 stellae

124 746 244 786 relatis
260 745 442 800 exprefla,
462 745 697 800 quaesttorzmz
717 744 822 797 §pho
841 755 1038 785 antecente
1056 758 1202 786 numero
1219 747 1328 786 tertio
1341 754 1429 800 pro-

115 810 305 864 positorum
319 810 492 864 primum,
512 817 552 848 et
566 817 756 860 praeterea
775 807 866 848 latus
883 809 910 848 d
938 810 965 848 i.
987 806 1257 862 Componatur
1276 809 1431 849 tandem

122 873 215 913 latus
244 873 314 912 hoc
347 873 375 913 d
401 874 415 912 i
447 884 535 912 cum
568 871 664 911 linea
696 883 722 912 a
754 873 768 912 i
803 871 908 925 supra
942 884 1106 912 numero
1138 882 1269 925 quarto
1306 872 1434 912 inuen-

124 946 161 976 ta
181 968 190 985 ,
233 936 446 989 summaque
498 934 725 975 subtrahatur
758 948 779 974 a
813 944 992 988 tempore
1013 968 1024 987 ,
1074 935 1174 988 quod
1207 948 1227 975 a
1260 936 1434 975 contaetu

121 998 230 1038 limbi
267 999 522 1038 antecedentis
555 998 683 1038 Lunae
720 997 765 1044 Μ
799 1011 887 1038 cum
922 999 1059 1052 capiilo
1091 996 1125 1037 B
1156 998 1198 1039 D
1232 999 1275 1038 ad
1303 998 1435 1050 appul-

120 1059 202 1100 sum
237 1062 371 1102 stellae·
392 1062 437 1101 ad
469 1061 639 1114 capillum
673 1061 866 1113 obliquum
901 1062 937 1101 H
959 1061 999 1101 D
1033 1063 1070 1100 iu
1099 1074 1126 1101 a
1154 1061 1433 1115 praeterlapsum

123 1124 173 1164 est
194 1153 204 1170 ‚
242 1124 419 1164 residuum
453 1125 554 1164 dabit
591 1124 728 1163 lineam
763 1124 792 1164 d
820 1122 846 1163 S
866 1157 876 1175 ‚
906 1124 1152 1164 differentiam
1180 1124 1434 1163 ascensionum

123 1187 304 1227 rectarum
336 1185 465 1224 Lunae
507 1195 546 1224 et
579 1185 698 1224 stellae
731 1186 863 1225 iisdem
906 1187 1066 1239 partibus
1118 1186 1328 1239 expressam
1351 1215 1360 1228 ‚
1395 1196 1435 1226 et

123 1251 262 1289 eodem
295 1257 466 1298 tempore
496 1248 729 1287 obtinentem
751 1279 761 1297 ,
796 1249 832 1287 in
868 1261 1028 1288 numero
1063 1251 1178 1289 tertio
1212 1249 1304 1303 §phi
1346 1259 1434 1290 ante

118 1312 281 1352 cedentis
313 1310 440 1351 vltirno
470 1311 679 1364 quacsstam.
724 1316 790 1359 7⁷²¹⁰
826 1310 993 1351 Inuentis
1046 1311 1119 1352 hoc
1156 1314 1276 1353 modo
1325 1312 1434 1353 diffe-

117 1375 242 1415 rentiis
274 1374 571 1414 declinationum
604 1384 642 1414 et
674 1371 922 1415 ascensionum
946 1375 1128 1416 recturum
1147 1376 1274 1416 Lunae
1294 1387 1331 1414 et
1351 1376 1430 1416 stel-

121 1438 175 1477 lae
211 1440 246 1477 in
281 1438 442 1489 partibus
474 1437 662 1490 temporis
679 1437 724 1477 ad
761 1447 911 1477 motum
956 1438 1076 1479 stellae
1110 1439 1261 1490 relatis,
1311 1448 1432 1490 partes

121 1501 235 1541 etiam
269 1501 391 1541 circuli
425 1502 588 1541 maximi
621 1501 756 1541 iisdem
806 1501 1020 1542 differentiis
1082 1511 1346 1555 competentes
1378 1503 1440 1543 in-¹

122 1573 344 1612 venierunt,
377 1564 537 1603 illatione
579 1565 738 1604 instituta
759 1597 770 1615 ,
823 1574 867 1605 vt
896 1574 1047 1618 tempus
1094 1565 1260 1605 transitus
1309 1564 1432 1606 stellae

124 1639 188 1678 per
219 1626 423 1666 distantiam
454 1627 677 1680 capillorum
712 1626 746 1667 B
765 1626 808 1667 D
839 1637 878 1667 et
910 1627 946 1666 H
969 1629 996 1668 F
1031 1628 1067 1667 in
1101 1628 1166 1668 fitu
1201 1629 1320 1681 capilli
1339 1625 1378 1668 G
1398 1627 1432 1669 C

122 1690 164 1728 ad
199 1690 369 1729 diurnum
405 1690 523 1732 stellae
575 1691 753 1743 parallelo
783 1703 849 1743 per
880 1690 1178 1732 obseruationem
1218 1705 1240 1730 2
1267 1698 1308 1717 “⁷²¹
1342 1692 1432 1745 §phi

123 1753 368 1791 antecedentis
398 1753 526 1791 datum
548 1784 558 1801 ,
590 1754 623 1791 16
654 1754 765 1792 habet
797 1755 842 1793 ad
878 1764 1000 1805 partes
1033 1755 1159 1794 circuli
1196 1755 1357 1795 maximi
1377 1756 1433 1795 ei—

121 1816 209 1854 dem
240 1814 425 1854 distantiae
455 1814 676 1867 capillorum
726 1813 989 1868 respondentes
1036 1830 1102 1869 per
1135 1812 1155 1858 ὗ
1182 1815 1270 1855 zdum
1305 1818 1429 1858 inuen-

123 1887 205 1930 tas;
239 1878 289 1931 ita
323 1876 525 1917 differentia
558 1878 848 1918 declinationum
871 1911 883 1930 ‚
923 1879 985 1919 vel
1017 1880 1263 1920 ascensionum
1317 1881 1433 1921 reeta-

122 1952 205 1980 rum
239 1939 367 1980 Lunae
397 1949 434 1979 et
469 1941 593 1980 stellae
626 1941 664 1980 in
700 1941 867 1994 partibus
887 1945 1066 1995 temporis
1092 1956 1249 1984 nurnero
1279 1944 1336 1981 6ω
1367 1945 1433 1984 da-

123 2013 157 2042 ta
191 2003 234 2043 ad
268 2011 388 2057 partes
419 2004 547 2044 circuli
581 2004 743 2044 maximi
778 2005 901 2044 eidem
921 2005 1186 2059 respondentes
1206 2039 1216 2057 ,
1236 2019 1307 2060 pro
1324 2006 1433 2047 diffe-

119 2067 236 2107 renti-a
273 2067 564 2110 declinationum
583 2099 597 2121 ,
647 2080 741 2121 quae
773 2080 876 2108 arcus
907 2070 1033 2111 circuli
1053 2071 1218 2112 maximi
1248 2070 1299 2111 est
1319 2103 1330 2123 ,
1362 2082 1432 2110 ve-

681 2131 717 2172 K
750 2130 776 2172 k
807 2131 833 2174 k
866 2145 890 2183 :3
1372 2144 1432 2174 ras
