1971 2700
307 1838 369 1882 ng.
395 1839 436 1872 ιε,

474 167 564 219 468
758 155 1098 208 METHODVS
1130 155 1509 205 OBSERVANDI

477 277 643 332 mileque
671 277 904 331 triangulum
937 274 1144 318 resoluatur
1162 309 1174 328 ,
1207 272 1526 316 determinabitur
1577 271 1665 313 inde
1696 271 1806 314 diffe-

478 343 602 384 rentia
635 342 933 383 declinationum
966 341 1003 380 V
1025 340 1073 382 Μ
1105 350 1146 380 et
1178 337 1436 380 ascensionum
1471 337 1661 378 rec‘tirum
1704 335 1739 378 L
1759 337 1806 379 M

480 406 617 448 Lunae
652 417 692 444 et
726 406 884 445 vmbrae
915 414 1095 459 tempore
1130 402 1400 444 obsenntionis
1448 401 1659 455 assumptae
1711 401 1810 442 obti-

484 480 618 512 nentes
651 469 813 522 partibiis
845 468 975 509 circuli
1010 467 1181 509 maximi
1215 466 1444 522 expressae3
1476 479 1634 521 quarum
1688 467 1812 519 prima

484 533 710 575 immediate
741 544 832 572 vera
862 543 917 572 ex
947 531 1179 573 resolutione
1213 531 1286 574 hac
1319 530 1516 586 prodibit,
1548 530 1665 570 altera
1714 542 1812 571 vero

485 597 524 639 in
544 606 669 651 partes
686 595 814 637 circuli
833 595 1006 650 paralleli
1024 596 1236 637 reducenda
1253 595 1324 636 erit
1351 607 1420 650 per
1438 607 1543 636 nrum
1567 601 1653 635 Sss'um
1686 588 1772 645 §9¹¹i
1803 627 1815 646 ,

485 670 693 715 antequam
727 672 802 714 pro
835 672 927 701 vera
959 659 1154 702 habeatur.
1230 658 1344 701 Datis
1390 670 1516 701 autem
1568 659 1644 699 lioc
1694 659 1816 700 modo

487 724 712 767 differentiis·
746 722 1064 767 Declinationum
1097 734 1138 765 et
1170 723 1430 766 ascensionum
1467 723 1655 764 testarum
1692 725 1819 765 centri

489 788 623 832 Lunae
654 801 676 830 a
709 799 844 831 centro
879 789 1068 843 vmbme·,
1101 798 1143 829 et
1175 800 1228 830 ex
1261 787 1440 843 requisitis
1458 788 1552 842 §phi
1572 787 1682 828 liuius
1699 789 1819 830 decli-

488 854 648 896 natione
683 864 722 895 et
753 853 967 895 ascensione
1001 852 1104 895 reeta
1137 856 1258 894 centri
1291 851 1423 894 Lunae
1441 883 1453 904 ,
1477 852 1683 893 declinatio
1704 854 1818 894 etiarn

489 929 533 960 et
564 918 725 960 ascensio
757 917 862 958 reeta
895 917 1017 959 centri
1051 916 1214 958 vmbme
1246 915 1369 972 perse
1394 918 1642 958 innotescent.
1677 917 1823 974 Quodsi

494 992 623 1024 autem
656 983 704 1023 ad
739 981 833 1023 liaec
863 993 917 1022 ex
953 981 1106 1022 tlieoria
1140 979 1238 1022 Solis
1267 982 1314 1021 ad
1349 991 1500 1034 tempus
1551 981 1824 1023 obseruationis

492 1046 656 1102 phaseos
687 1045 850 1088 ascensio
882 1046 985 1088 recta
1017 1044 1119 1088 Solis
1151 1056 1189 1086 et
1219 1045 1405 1099 depressio
1436 1045 1602 1086 eiusdem
1637 1046 1727 1086 insui
1751 1045 1828 1086 lio-

493 1112 687 1152 rizontem
720 1112 879 1163 dentur,
911 1111 1063 1152 dabitur
1095 1111 1184 1151 inde
1214 1109 1274 1161 4'0
1316 1110 1362 1151 ad
1399 1109 1500 1149 idem
1538 1120 1689 1164 tempus
1707 1109 1830 1164 paml·

493 1173 596 1215 laxis
628 1174 750 1215 etiam
800 1175 922 1214 centri
974 1175 1139 1215 vmbrae
1173 1176 1212 1216 in
1248 1175 1352 1214 disco
1383 1170 1524 1213 Lnnari
1572 1173 1826 1228 conspicuae,

493 1237 611 1292 idque
644 1236 790 1290 duplici
824 1237 1054 1291 metliod03
1088 1237 1213 1291 prima
1256 1249 1395 1290 nempe
1416 1271 1428 1288 ‚
1480 1236 1505 1277 si
1538 1250 1559 1277 a
1593 1237 1830 1292 depressione

494 1297 598 1343 Solis
628 1299 720 1342 infra
753 1297 1006 1340 horizontem
1051 1300 1209 1340 altitudo
1258 1302 1381 1340 centri
1434 1301 1595 1342 vmbrac
1647 1315 1831 1355 apparens

494 1366 605 1420 supra
633 1375 702 1406 nro
737 1359 805 1412 :3⁶⁰
847 1364 1001 1405 inuenta
1020 1362 1249 1405 subtrahatur
1269 1377 1280 1416 ς
1302 1364 1460 1404 secunda
1480 1376 1608 1404 autc-in
1630 1398 1641 1417 ,
1661 1366 1686 1405 si
1720 1366 1831 1406 diffe-

497 1430 624 1472 rentia
659 1429 880 1470 ascensionis
912 1427 1040 1470 restae
1073 1429 1196 1468 centri
1230 1429 1391 1469 vmbrae
1410 1461 1422 1480 ,
1453 1428 1499 1468 ab
1531 1429 1739 1470 ascensione
1774 1442 1830 1470 re-

499 1494 564 1538 sta
597 1493 730 1550 puniti
762 1503 898 1535 centro
930 1491 1032 1535 Solis
1064 1492 1235 1546 oppositi
1276 1493 1519 1544 inueniatur,
1571 1505 1625 1533 ex
1659 1494 1823 1548 complc-

501 1559 716 1614 mentisque
764 1557 971 1600 altitudinis
1024 1557 1131 1612 supra
1165 1556 1412 1598 horizontem
1433 1589 1444 1608 ,
1496 1567 1537 1596 et
1570 1556 1834 1600 declinationis

501 1623 626 1667 centri
659 1623 820 1664 Vmbrae
854 1620 958 1675 supra
989 1622 1225 1663 inuenturum
1246 1654 1257 1673 ,
1289 1634 1359 1662 nec
1395 1633 1471 1661 uon
1513 1622 1721 1663 altitudinis
1763 1635 1837 1677 po-

503 1687 561 1738 li,
593 1687 754 1741 angulus
784 1688 829 1728 ad
863 1698 1040 1727 centrum
1077 1686 1268 1735 vmbrae,
1302 1698 1422 1739 qiicm
1464 1686 1623 1726 circulus
1671 1687 1836 1727 declina·

507 1752 628 1794 tionis
661 1764 731 1805 per
764 1761 941 1792 centrum
977 1750 1134 1791 x'riibiae
1166 1749 1341 1790 transiens
1371 1763 1462 1790 cum
1499 1750 1642 1790 circulo
1672 1751 1837 1791 altitudi-

512 1817 571 1858 nis
603 1828 675 1870 per
707 1815 811 1857 idem
844 1825 1015 1856 centrum
1049 1814 1263 1855 transeunte
1293 1813 1381 1854 facit
1404 1847 1414 1866 ,
1445 1815 1749 1867 determinetur3
1778 1815 1838 1857 liis

510 1882 617 1922 enim
651 1893 746 1921 cum
777 1879 1074 1933 complemento
1104 1878 1369 1920 declinationis
1407 1879 1622 1931 apparentis
1678 1880 1836 1920 vmlirae

511 1945 675 1998 cognitis
709 1944 914 1998 parallaxis
945 1956 1097 1997 quoque
1127 1943 1248 1985 centri
1283 1943 1471 1992 vmbrae,
1522 1941 1582 1981 seu
1625 1941 1839 1985 differentia

512 2008 755 2050 altitudinum
786 2008 958 2049 eiusdem
993 2007 1100 2060 supra
1135 2007 1381 2048 horizontem
1417 2018 1530 2046 xvc-ric
1561 2016 1600 2045 ct
1636 2008 1732 2047 vilae
1773 2011 1839 2048 da-

512 2070 629 2116 bitur.
696 2073 951 2128 Represcntet
981 2072 1087 2114 enim
1120 2070 1281 2113 circulus
1330 2066 1505 2112 ZPllO
1554 2072 1806 2113 meridi-‚inum
1826 2104 1839 2125 ,

1781 2147 1823 2178 m
