1971 2700
163 185 250 232 AD
282 186 450 232 HANG
486 182 846 229 DOCTRINAM
873 181 1311 231 SPECTANTIBVS.
1347 201 1436 246 -103

128 317 206 348 non
241 302 391 344 refertur
424 311 593 341 numerus
638 296 714 351 ipse
734 329 745 349 ‚
795 298 857 351 qui
908 309 1089 352 repugnat
1136 299 1244 342 ideae
1295 304 1437 356 partis:

127 369 218 410 hinc
258 380 329 420 pro
371 363 561 405 efficienda
616 360 763 402 summa
816 361 978 414 partium
1025 363 1274 417 aliquotarum
1328 366 1439 408 debet

128 442 276 473 tantum
311 439 484 469 numerus
514 425 590 478 ipse
622 425 783 465 subtrahi
815 438 837 465 a
871 424 1012 466 stimma
1045 426 1247 469 diuisorum
1270 443 1280 483 3
1303 429 1438 483 veluti,

127 496 154 537 fi
187 495 234 535 ab
266 493 424 533 indicata
466 490 611 530 summa
658 488 858 530 diuisorum
892 502 949 539 42
982 489 1212 531 subtrahatur
1260 505 1440 535 numerus

127 558 203 612 ipse
240 569 294 596 20
316 587 326 607 ‚
357 551 605 594 remanebunt
649 563 704 591 22
742 565 815 605 pro
845 554 988 593 summa
1037 556 1203 607 partium
1252 555 1438 610 aliquota·

125 633 210 662 rum
245 618 391 660 numeri
432 628 523 669 203
567 615 654 657 hinc
688 616 715 656 fi
749 616 1017 657 obtinuerimus
1059 619 1227 671 regulam
1262 631 1335 673 pro
1369 633 1437 662 ex-

124 684 317 738 primenda
357 679 581 733 generaliter
618 678 763 720 summa
815 679 1013 720 diuisorum
1063 681 1209 721 alicuius
1258 684 1434 725 numeri:

125 759 290 801 pronum
322 744 392 784 erit
424 743 559 783 exinde
590 742 811 782 concludere
830 774 841 793 ,
874 754 1057 794 quaenam
1091 742 1133 782 sit
1173 744 1317 784 summa
1350 759 1435 799 par-

123 811 220 851 tium
253 809 498 863 aliquotarum
531 805 696 847 eiusdem
729 805 823 845 illius
855 807 1014 845 numeri.

239 873 274 921 §.
295 887 334 923 4.
379 870 426 911 In
474 869 702 924 sequentibus
751 869 876 921 itaque
927 881 1073 922 ponam
1106 868 1254 925 semper
1298 870 1435 913 litteras

122 924 335 977 maiusculas
364 934 403 975 A
423 965 434 985 ,
467 931 502 972 B
520 965 532 984 ,
565 930 600 972 C
619 965 630 984 ,
662 942 731 973 etc.
766 932 980 985 exprimere
1019 945 1195 974 numeros
1244 944 1434 989 vtcunque

119 1001 351 1054 compositos
370 1030 382 1049 ,
415 997 578 1049 integros
627 995 700 1035 scil.
754 994 812 1034 sed
845 997 942 1034 inter
991 994 1024 1034 ie
1057 996 1218 1049 primos.
1285 998 1433 1040 Eorum

120 1073 218 1101 vero
247 1060 460 1113 respestiuas
491 1058 655 1098 summas
686 1057 886 1097 diuisorum
920 1059 1094 1098 omnium
1113 1060 1434 1114 indigitabolitte-

119 1123 170 1165 ris
201 1124 332 1164 iisdem
384 1121 592 1161 minusculis
639 1134 666 1160 a
686 1152 697 1171 ‚
727 1120 782 1170 b,
813 1133 834 1159 c
855 1150 866 1169 ‚
899 1130 972 1160 etc.
1013 1120 1072 1161 Ita
1110 1134 1146 1163 e,
1190 1136 1247 1176 gr.
1285 1125 1434 1165 numeri

119 1185 160 1226 A
192 1185 336 1225 summa
367 1182 570 1222 diuisorum
604 1182 675 1221 erit
706 1194 766 1233 a3
799 1191 838 1222 et
869 1180 1018 1223 summa
1050 1186 1216 1238 partium
1250 1185 1433 1240 aliquota-

115 1259 201 1288 rum
233 1246 304 1286 erit
334 1244 474 1285 a—A.
507 1241 648 1299 (§.3.)
681 1243 882 1285 Numeros
913 1254 1039 1286 autem
1071 1247 1220 1301 primos
1238 1249 1431 1303 designent

115 1309 242 1350 literae
290 1308 350 1360 P,
383 1308 452 1363 Q,
485 1308 549 1359 R,
587 1305 644 1359 S,
678 1308 747 1359 T,
794 1320 866 1348 etc.
931 1309 1065 1363 Atque
1113 1324 1202 1352 curn
1253 1325 1428 1355 numerus

111 1373 255 1427 primus
285 1371 429 1413 nullum
463 1372 637 1411 admittat
666 1372 784 1412 alium
817 1372 1015 1414 diuisorem
1041 1404 1052 1425 ,
1086 1387 1197 1428 quam
1241 1377 1427 1418 vnitatem

115 1445 153 1476 et
181 1435 374 1490 seipsum:
407 1444 541 1488 patet,
577 1434 763 1475 summam
797 1434 998 1476 diuisorum
1033 1440 1180 1479 numeri
1198 1440 1312 1492 primi
1331 1439 1427 1480 sem-

115 1510 184 1553 per
214 1499 285 1540 effe
315 1510 517 1539 numerum
550 1498 654 1538 illum
705 1498 826 1551 ipsum
879 1499 1029 1540 auctum
1081 1502 1231 1542 vnitate·
1303 1501 1428 1554 Igitur

113 1561 282 1603 summae
312 1561 511 1604 diuisorum
547 1575 620 1616 pro
651 1561 815 1615 allegatis
847 1564 1007 1603 numeris
1048 1565 1180 1616 primis
1229 1575 1334 1604 erunt
1367 1577 1424 1604 re-

113 1624 274 1678 spectiue
304 1626 406 1673 P-i-
425 1639 444 1665 1
470 1658 480 1678 ‚
514 1626 669 1682 Q÷1
695 1658 705 1677 ,
738 1626 884 1671 R—}-1
913 1657 925 1677 ‚
957 1635 1028 1665 etc.
1066 1636 1105 1666 et
1136 1625 1303 1668 summae
1337 1640 1424 1681 par-

115 1689 211 1729 tium
243 1689 488 1745 aliquotarum
521 1701 656 1730 omnes
693 1689 857 1745 aequales
895 1689 1058 1743 vnitati,
1092 1688 1164 1731 scil.
1215 1691 1318 1739 P-{-
1335 1705 1353 1731 1
1380 1712 1422 1720 -

163 1765 218 1790 z
241 1764 279 1791 1.

232 1815 266 1863 §.
290 1823 331 1863 5.
364 1813 424 1855 Sit
456 1825 619 1856 numerus
651 1815 783 1870 aliquis
813 1817 1021 1872 compcfitus
1053 1830 1101 1859 ex
1132 1819 1244 1859 meris
1254 1819 1392 1872 primis
1410 1850 1421 1869 ‚

112 1877 290 1931 dizoersts,
320 1877 441 1918 veluti
473 1889 505 1918 e.
539 1891 595 1932 gr.
635 1891 677 1928 3.
715 1889 750 1927 5.
791 1890 839 1930 7,
873 1888 937 1919 aut
965 1890 1047 1928 105
1068 1913 1079 1932 ‚
1108 1881 1171 1920 vel
1203 1881 1420 1934 generaliter

116 1940 146 1981 P
162 1941 255 1997 QR
273 1938 328 1980 S:
362 1942 551 1995 quaeritur
568 1937 716 1994 ficmma
746 1938 935 1996 diug'fhrum
968 1941 1074 1985 huius
1091 1945 1228 1984 numeri
1253 1947 1310 1985 ita
1327 1956 1418 1985 com·

106 2005 228 2059 postti.
292 2003 357 2044 Ex
388 2002 577 2044 methodo
612 2003 788 2046 Newtoni
804 2038 816 2057 ,
850 2006 1021 2046 Arithm.
1074 2006 1279 2047 vniuersalis
1328 2020 1415 2060 pag.

116 2076 174 2115 37
195 2099 207 2119 ,
239 2067 326 2107 edit.
366 2076 479 2117 1732
506 2097 518 2117 ‚
553 2067 598 2107 de
626 2069 820 2108 imcentione
836 2065 1026 2122 diuiserunt
1047 2100 1057 2120 ,
1092 2080 1198 2109 erunt
1223 2069 1329 2110 huius
1346 2083 1416 2111 nu-

1192 2131 1210 2141 a,

113 2131 211 2172 meri
241 2130 444 2186 compositi
476 2129 646 2172 diuisores
685 2130 865 2185 simplices
897 2133 925 2174 P
944 2164 955 2185 ,
988 2132 1055 2189 Q,
1089 2134 1157 2187 R,
1184 2140 1248 2189 >3
1281 2145 1416 2175 eorun-

302 2198 310 2205 '
1326 2198 1416 2237 dem
