1971 2700
493 208 586 250 304
849 195 929 235 DE
961 192 1171 236 BESTns
1207 188 1473 234 MARINIS.

496 313 669 354 foramen
702 307 836 348 scilicet
871 309 1015 348 aurium
1037 319 1056 346 a
1092 306 1236 360 reliquis
1253 305 1431 359 scrupofis
1450 303 1552 358 poris
1569 301 1720 348 discerni
1750 321 1815 349 ne-

499 377 608 430 quit,
645 375 713 414 vix
748 372 884 423 stylum
918 373 1052 410 calami
1083 371 1277 423 gallinacei
1320 369 1474 410 crailitie
1513 367 1712 420 admittit,
1759 385 1817 414 ca-

499 440 587 480 nalis
622 439 766 478 aurium
820 435 989 474 internus
1040 434 1169 486 glaber
1198 433 1252 474 est
1282 443 1319 473 et
1350 431 1563 486 politissima
1603 433 1705 486 nigra
1736 444 1819 476 cute

429 500 437 507 '
500 502 729 550 obducitur,
762 498 848 537 hinc
885 497 991 537 facile
1031 495 1204 550 separatis
1254 496 1425 537 musculis
1475 495 1650 550 occipitis
1698 495 1822 538 colore

500 565 562 605 suo
599 563 631 603 le
665 561 791 616 prodit
821 571 860 600 et
892 562 931 601 in
964 560 1196 614 conpcc‘tum
1231 562 1355 600 venit.

618 626 764 679 Lingua
801 637 871 663 12.
908 625 1063 678 pollices
1094 625 1204 678 longa
1242 630 1285 672 2¹,
1304 625 1375 665 lata
1394 656 1405 674 ,
1425 624 1583 664 bubulae
1603 635 1691 677 par,
1713 625 1824 678 apice

502 692 715 732 acuminata
734 722 745 740 ,
783 690 819 728 in
854 687 1051 742 superficie
1071 689 1182 729 limae
1204 688 1310 728 inllar
1344 688 1442 727 xillis
1473 688 1643 727 breuibus
1682 687 1829 741 aspera,

501 768 543 796 ac
581 756 629 795 ita
665 754 757 793 intm
792 751 912 792 fauces
945 753 1158 792 reconditur
1178 785 1189 803 ,
1225 764 1265 792 vt
1297 752 1424 792 multis
1456 752 1575 803 lingua
1610 762 1732 791 carere
1770 751 1829 791 vi-

501 818 579 860 sum
614 817 724 859 fu-rit
777 815 949 868 animal,
1002 826 1204 869 x'tcnmqne
1247 817 1350 856 enim
1397 827 1511 855 manu
1561 815 1829 867 protenditur,

501 884 674 923 froenum
709 891 839 921 tamen
873 881 950 919 oris
981 891 1061 919 non
1094 880 1274 932 attingit,
1324 879 1382 919 scd
1422 885 1462 926 ιζ
1496 879 1648 932 pollices
1679 878 1726 918 ab
1761 878 1828 919 illo

502 946 631 987 deficit
654 977 664 995 ‚
699 955 792 998 quae
826 943 851 983 si
885 943 1035 995 longior
1065 942 1176 991 estet,
1208 943 1310 982 vtin
1342 942 1421 982 aliis
1438 941 1828 994 animalibus,masti-

503 1011 697 1050 cntionem
733 1006 869 1047 ollibus
904 1005 1176 1058 perficiendam
1220 1006 1435 1058 impediret.

621 1071 748 1124 Caput
812 1069 1048 1110 indilcrctum
1103 1070 1240 1123 pariter
1280 1081 1322 1108 ac
1357 1069 1499 1109 collum
1521 1101 1531 1119 ,
1584 1071 1634 1110 ita
1684 1071 1829 1126 reliquo

505 1138 658 1188 corpori
694 1134 855 1186 iungitur
874 1165 884 1183 ,
918 1143 959 1172 vt
990 1134 1195 1173 nullatenus
1227 1131 1383 1174 discerni
1415 1132 1526 1185 possit
1547 1165 1557 1183 ,
1610 1145 1651 1173 ea
1688 1131 1830 1186 prorsus

505 1201 671 1248 ratione,
711 1209 754 1236 nc
791 1198 827 1235 in
853 1197 889 1234 in
911 1195 1061 1248 piscibus
1079 1196 1256 1235 omnibns
1275 1225 1286 1243 ‚
1320 1196 1422 1247 quod
1442 1206 1570 1235 tamen
1589 1196 1728 1236 collum
1763 1198 1835 1236 ob·

506 1262 607 1303 scure
628 1263 761 1310 refert,
789 1259 866 1311 ipso
884 1259 1009 1311 capite
1027 1259 1190 1298 dimidio
1209 1257 1371 1308 breuius,
1390 1267 1483 1297 teres
1512 1270 1553 1296 :ic
1571 1259 1715 1299 ambitu
1734 1260 1837 1300 occi-

508 1326 586 1380 pite
617 1325 788 1378 gnicilius
818 1321 884 1361 cst.
924 1322 1062 1364 Nihilo
1083 1333 1212 1361 tamen
1237 1322 1358 1361 minus
1377 1334 1450 1360 non
1479 1331 1627 1361 tantum
1656 1323 1836 1362 vertebris

508 1389 698 1429 instruitur
716 1385 921 1426 mobilibus
940 1417 951 1436 ‚
973 1398 1100 1425 rernm
1133 1385 1217 1424 πίω
1253 1384 1330 1437 ipso
1365 1394 1541 1423 mouetur
1559 1415 1569 1433 ‚
1589 1386 1687 1436 isque
1707 1396 1835 1425 motus

508 1450 750 1492 solummodo
784 1449 882 1487 inter
909 1448 1139 1501 pascendum
1176 1448 1267 1487 vino
1300 1446 1455 1487 animali
1489 1445 1750 1498 obscmabilis,
1781 1448 1839 1487 in-

511 1516 625 1556 clinat
658 1514 761 1554 enim
797 1523 909 1565 caput
939 1513 1073 1552 eadem
1109 1512 1253 1551 nitione
1287 1523 1328 1550 ac
1364 1511 1480 1550 boues
1513 1510 1550 1549 in
1571 1510 1668 1550 (icco
1689 1542 1699 1559 ‚
1719 1510 1835 1551 crnffit

508 1579 630 1619 fillum
650 1588 688 1617 et
705 1575 887 1617 deformis
918 1575 1074 1616 cuticula
1106 1575 1271 1628 quietum
1302 1583 1364 1614 :nit
1382 1571 1545 1614 occisum
1566 1575 1738 1626 animal,
1768 1586 1838 1614 ve-

510 1642 564 1683 lut
584 1641 776 1682 immobili
795 1639 896 1680 collo
915 1640 1125 1692 praeditum
1146 1638 1233 1678 css‘et
1253 1671 1263 1689 ,
1279 1637 1394 1678 oculis
1410 1636 1522 1677 offert
1542 1670 1552 1690 ,
1577 1638 1684 1678 nullis
1709 1639 1838 1679 omni-

514 1718 568 1747 no
606 1704 859 1745 vertcbrnrum
892 1703 1054 1756 vestigiis
1096 1702 1320 1742 extantibus.

631 1771 668 1809 Α
702 1768 852 1821 scapulis
887 1779 998 1820 vsque
1038 1767 1083 1806 ad
1120 1765 1347 1806 vmbilicnm
1379 1777 1516 1819 corpus
1563 1763 1682 1806 subito
1731 1766 1835 1808 latius

515 1834 549 1874 se
581 1832 783 1882 diffundit,
825 1841 864 1870 et
895 1830 1029 1870 abhinc
1068 1829 1187 1870 versus
1218 1841 1333 1869 anum
1365 1830 1490 1870 denuo
1543 1829 1666 1870 subito
1716 1831 1837 1882 graci-

516 1897 616 1938 lescit
636 1930 646 1948 ,
680 1897 794 1937 latcm
826 1893 1048 1935 subrotunda
1083 1893 1288 1934 ventricosa
1323 1891 1402 1934 sunt
1422 1894 1562 1946 pariter
1603 1904 1645 1932 ac
1680 1902 1836 1944 venter,

519 1962 580 2013 qui
614 1962 660 2000 ab
695 1957 880 2000 immensa
913 1958 1170 1998 intestinorum
1207 1957 1311 1997 mole
1344 1957 1506 1996 tumidus
1526 1987 1537 2006 ,
1571 1955 1759 2008 elzillicus,
1794 1969 1839 2000 nc

521 2023 752 2062 veluti'vter
786 2022 933 2062 inflatus
954 2054 964 2072 ,
998 2022 1044 2061 ab
1077 2020 1262 2060 vmbilico
1293 2017 1413 2058 versus
1441 2030 1556 2058 anum
1611 2018 1738 2061 sensim
1772 2021 1836 2062 de-

519 2086 656 2136 cliuis,
692 2086 830 2140 pariter
864 2097 907 2126 ac
941 2096 961 2125 a
995 2083 1179 2126 mammis
1212 2080 1333 2123 versus
1363 2081 1518 2124 collum.

1726 2210 1838 2254 Dor-
