1971 2700
159 279 276 341 DE
297 231 897 338 VEGETATiouE
921 272 1464 349 PMNTAEWM,

331 359 1302 457 EXPERIMENRaecq'gRgONSECTARIA.

650 473 702 518 G.
737 475 811 518 W.
844 475 994 532 Krafft.

535 599 1019 681 Experimentum
1060 601 1097 662 I.

326 763 401 794 nno
435 760 584 803 1737,
616 750 654 791 d.
693 763 763 790 22.
799 751 896 793 Maii
929 752 971 792 st.
1003 764 1044 792 v.
1079 761 1217 802 terrae,
1249 750 1370 791 libero
1387 752 1469 793 a'e‘ri

357 816 548 870 expositae
579 815 619 854 in
648 815 736 856 cista
768 814 889 869 lignea
908 848 919 867 ,
939 813 1114 855 commisi
1133 814 1253 867 plures
1269 813 1370 854 fabas
1396 816 1470 854 mi-

358 891 467 920 nores
486 911 497 932 ,
529 891 622 932 quae
673 879 832 919 turcicae
865 888 1044 919 vocantur
1063 911 1073 929 ,
1124 890 1214 917 eum
1247 877 1287 916 in
1322 876 1438 916 finem
1458 909 1470 928 ,

158 951 202 983 vt
232 954 358 983 earum
392 955 510 984 vmm
542 951 604 982 aut
636 940 794 982 alteram
833 943 1002 996 quotidie
1032 942 1196 981 effodere
1215 971 1227 991 ‚
1277 950 1386 993 atque
1419 939 1470 980 fic

152 1007 364 1047 examinare
415 1006 563 1059 postem
596 1015 634 1044 et
666 1005 846 1057 ponderis
894 1006 1172 1045 incrementum
1203 1012 1240 1043 et
1280 1003 1463 1057 reliquam

154 1068 316 1122 ipfixrum
349 1069 624 1110 conditionem.
688 1067 1003 1108 Pondusculorum
1050 1066 1140 1107 loco
1189 1066 1340 1106 adhibui
1383 1061 1468 1119 ‘pisa

154 1131 318 1184 vulgaria
350 1133 516 1172 eiusdem
550 1133 644 1170 inter
682 1129 718 1170 se
748 1131 1021 1182 magnitudinis.
1093 1129 1277 1168 Fabarum
1328 1128 1470 1181 quaeli-

153 1192 220 1233 bet
237 1225 248 1243 ,
281 1203 478 1245 antequam
515 1201 634 1231 terrae
665 1191 876 1230 crederetur
894 1223 905 1241 ‚
936 1193 1035 1231 arida
1066 1191 1214 1231 tenebat
1232 1190 1380 1244 pondus
1396 1191 1470 1231 cir-

148 1250 241 1295 citer
278 1269 308 1304 4
341 1253 522 1306 pisorum.
606 1251 728 1306 Igitur
774 1254 835 1294 die
881 1250 1078 1310 insequenti
1115 1266 1133 1292 1
1170 1252 1337 1295 fabarum
1392 1264 1468 1294 vna

146 1314 274 1356 effoffit
306 1317 454 1370 pondus
493 1315 644 1356 tenebat
694 1316 860 1369 pisorum
896 1328 923 1366 7
944 1351 955 1371 ‚
987 1318 1192 1372 apparebat
1243 1318 1392 1359 madida
1425 1326 1466 1358 et

149 1379 294 1419 tumida
325 1380 468 1429 nimis,
504 1380 555 1420 ita
587 1388 632 1420 vt
664 1380 741 1419 iam
776 1393 872 1421 nunc
925 1382 1107 1422 morbum
1160 1381 1320 1435 aliquem
1373 1393 1463 1420 con-

148 1442 301 1482 traxisse
333 1444 556 1497 videretur3
589 1443 703 1483 altera
735 1455 847 1492 vero,
883 1443 989 1484 simul
1021 1455 1149 1495 eruta,
1186 1445 1224 1484 in
1257 1443 1465 1497 aequilibri-

148 1517 176 1544 ο
208 1514 284 1544 etat
315 1518 402 1546 cum
441 1517 462 1554 ς
501 1507 612 1559 pisis,
647 1516 685 1546 et
717 1505 792 1546 fere
841 1508 878 1546 iu
928 1507 1080 1559 pristino
1132 1508 1222 1548 statu
1270 1506 1464 1547 constituta

150 1567 340 1609 videbatur
358 1601 369 1620 ,
403 1569 431 1609 fi
466 1578 614 1610 tenuem
647 1569 805 1622 aliquam
839 1570 1118 1611 mollitudinem
1142 1597 1153 1619 ‚
1199 1583 1311 1624 quam
1354 1570 1465 1610 nacta

151 1638 250 1682 erat,
282 1632 453 1685 excipias.
516 1631 745 1674 Succedente
775 1633 834 1674 die
869 1645 909 1672 2.
943 1634 1035 1675 duae
1069 1635 1207 1674 iterum
1238 1634 1339 1673 terris
1355 1644 1465 1686 erep-

154 1702 214 1733 tae
250 1693 355 1734 simul
389 1704 492 1735 erant
527 1697 698 1748 ponderis
735 1707 788 1735 10
823 1695 989 1750 pisbrum
1008 1729 1019 1749 ,
1052 1710 1212 1751 quarum
1253 1709 1329 1737 vna
1370 1696 1463 1737 cuti-

151 1755 271 1797 culam
290 1758 437 1808 gerebat
472 1771 605 1809 parum
639 1760 840 1812 disruptam
859 1791 869 1810 ,
903 1771 990 1800 cum
1026 1761 1235 1813 prodeunte
1267 1760 1371 1801 tenui
1406 1772 1465 1799 ra-

152 1820 241 1860 dicis
272 1819 388 1871 apice.
454 1818 536 1860 Die
573 1834 594 1870 3
635 1822 776 1873 pondus
823 1822 981 1862 duarum
1029 1833 1108 1863 erat
1152 1837 1209 1874 14
1261 1822 1464 1877 pisorum3

152 1894 306 1937 quarum
341 1893 413 1921 vna
447 1882 635 1922 hesternae
669 1883 796 1923 similis
828 1884 935 1936 plane
976 1896 1088 1938 erat3
1136 1887 1248 1926 altera
1298 1894 1426 1926 autem
1448 1915 1461 1937 ‚

155 1945 357 1999 plurimum
389 1956 536 1985 remota
568 1946 724 1987 cuticula
747 1979 757 1998 ,
785 1946 984 1987 radiculam
1015 1948 1094 1988 iam
1130 1949 1268 1990 ferebat
1307 1948 1466 2002 longam

156 2015 173 2060 ᾗ
208 2007 299 2060 poll.
367 2006 448 2049 Die
480 2022 511 2057 4
544 2009 690 2060 pondus
721 2009 878 2048 duarum
912 2009 978 2049 fuit
1016 2023 1068 2048 12
1105 2012 1306 2066 pisorum3
1359 2021 1463 2052 vtra-

156 2084 228 2127 que
259 2070 402 2111 tenebat
433 2071 599 2111 radicem
638 2071 849 2125 simplicem
898 2085 916 2110 1
956 2079 969 2119 3
1014 2075 1107 2127 poll.
1152 2076 1303 2129 longam
1325 2108 1335 2127 ,
1375 2087 1465 2115 cum

157 2136 351 2190 germine,
384 2134 477 2176 intra
508 2135 616 2177 lobos
648 2144 860 2190 comeum,
891 2149 1023 2192 parum
1057 2138 1176 2181 adhuc
1195 2140 1318 2182 aucto.
1359 2136 1434 2179 Sed
1452 2169 1464 2187 ,

1361 2200 1463 2256 quod
