1971 2700
454 212 549 254 :³³4
796 190 877 236 DE
909 184 1126 235 amns
1158 182 1428 231 MAauvrs.

575 309 660 353 Hos
687 307 814 350 denuo
845 306 884 347 in
925 315 1155 360 vnoquoque
1193 303 1311 344 latere
1351 301 1503 342 caninus
1523 301 1563 340 8.
1582 297 1630 341 li·
1727 314 1753 344 2

458 389 547 420 neas
577 377 732 428 longuS,
765 381 914 422 acutus,
945 370 983 410 in
1015 381 1058 409 os
1087 379 1257 409 recumus
1289 367 1515 417 comitatur,
1549 364 1632 418 qui-
1692 374 1700 381 ·

459 442 525 484 bus
558 436 781 481 ferociffime
813 436 852 475 in
889 444 1016 486 pugna
1047 431 1114 473 fibi
1148 431 1312 472 inuicem
1348 430 1495 471 vulnera
1530 427 1632 470 infliv

462 514 575 559 gunt,
594 503 708 556 iisque
740 507 898 538 vtuntur
930 497 1067 537 eadem
1103 495 1250 550 prorsus
1281 484 1443 546 ratione,
1479 503 1523 533 vt
1546 492 1630 547 apri

464 566 664 608 inimicum
716 561 853 603 sursum
887 560 1092 613 feriendo,
1125 559 1326 615 praecipue
1359 559 1432 610 iis,
1467 569 1560 613 quae
1592 557 1636 598 in

465 629 630 674 inferiori
665 627 822 668 maxilla
855 624 1056 666 habentur.

586 691 721 734 Latera
774 688 1018 731 maxillarum
1069 688 1194 730 denuo
1243 691 1287 727 6.
1337 687 1376 728 in
1427 686 1639 741 vnoquouis
1706 697 1762 726 η

469 759 586 800 latete
616 757 713 799 acuti
731 754 853 795 canini
871 753 1002 794 dentes
1019 762 1162 794 armant
1179 785 1189 805 ,
1208 752 1410 806 locumque
1437 751 1637 793 molirium

469 831 688 878 occupant,
721 818 852 873 quibus
887 817 923 857 in
958 816 1172 858 vniuersum
1207 826 1366 868 carent,
1400 829 1422 856 e
1455 828 1531 869 quo
1558 815 1640 856 col·

472 887 551 941 ligo
583 882 817 940 rapacissima
837 914 848 934 ,
881 881 1043 921 crudelia
1078 880 1255 920 animalia
1293 880 1364 920 esse
1384 913 1394 932 ,
1436 881 1642 934 omniaque
1671 896 1680 904 ·

474 952 545 992 vix
565 962 644 991 non
663 950 829 999 integre,
855 943 1036 998 discerpta
1060 943 1181 984 saltim
1203 976 1214 995 ,
1247 943 1428 985 deuocare
1449 958 1460 997 3
1495 943 1534 984 hi
1553 945 1645 984 den-

476 1023 531 1055 tes
565 1013 690 1055 saltim
729 1019 912 1064 quantum
945 1020 966 1047 e
998 1007 1156 1062 gingiuis
1196 1007 1418 1061 prominent
1456 1019 1495 1046 2.
1531 1009 1646 1049 liucas

477 1078 585 1132 longi
607 1077 709 1118 Tunt.

512 1141 698 1194 Adeoque
714 1138 950 1179 coniunctim
970 1138 1098 1177 dentes
1117 1137 1295 1177 maxillae
1322 1137 1501 1190 superiori
1529 1136 1648 1178 insunt
1714 1148 1772 1178 20

568 1227 574 1231 ·
600 1211 764 1254 Maxilla
807 1210 958 1251 inferior
1008 1210 1146 1262 gaudet
1201 1209 1412 1250 incisoribus
1462 1211 1650 1262 prioribus
1747 1225 1779 1263 4

483 1276 666 1319 similibus
697 1275 838 1314 caninis
876 1286 913 1312 1.
949 1274 1090 1325 pollice
1127 1272 1385 1326 longioribus,
1403 1272 1544 1313 iuterna
1564 1286 1650 1328 par-

485 1350 544 1394 te,
575 1352 663 1399 qua
681 1337 802 1378 ffiuccs
834 1334 1218 1389 spectantcultclhitis.
1286 1360 1304 1366 -
1366 1359 1384 1366 -
1446 1358 1463 1366 -
1528 1363 1545 1369 -

1747 1350 1774 1377 2

601 1403 714 1445 Loco
747 1399 950 1442 molarium
995 1399 1032 1438 in
1067 1399 1198 1452 quouis
1237 1397 1349 1438 latere
1429 1420 1453 1431 -
1533 1415 1551 1430 -ι
1722 1412 1778 1442 10

605 1474 778 1517 Caninos
810 1473 933 1514 rectos
965 1482 1006 1514 vt
1041 1469 1257 1526 insuperiori
1293 1472 1451 1514 maxilla
1548 1498 1565 1504 -
1637 1499 1651 1505 -
1753 1484 1773 1522 ς

608 1547 794 1601 Adeoque
827 1546 956 1586 dentes
987 1545 1027 1585 in
1060 1544 1275 1585 vniuersum
1382 1566 1399 1575 ·
1462 1572 1476 1578 -
1541 1569 1556 1576 -
1637 1568 1654 1577 -
1712 1533 1807 1594 36-
1843 1545 1892 1590 ha

610 1612 779 1653 Puilitum
814 1610 908 1663 rugis
942 1609 1143 1663 asperum,
1177 1609 1216 1649 in
1249 1608 1325 1650 hoc
1358 1609 1526 1651 tonsillae
1559 1624 1694 1666 paruae
1726 1612 1817 1653 loco

492 1677 682 1721 ordinario
722 1674 992 1729 suspenduntur.

616 1773 762 1829 Lingua
797 1773 905 1814 instar
943 1773 1121 1814 iitiilinae
1155 1772 1305 1827 papillis
1338 1772 1487 1826 aspera,
1522 1773 1602 1829 ipso
1632 1774 1742 1829 apice
1773 1783 1819 1816 vt

494 1842 532 1882 in
567 1838 689 1894 phoca
709 1837 821 1880 bifida
841 1871 852 1890 ,
888 1849 927 1886 5.
964 1837 1118 1891 pollices
1150 1838 1285 1891 longa,
1320 1837 1434 1892 sesqui
1467 1838 1537 1878 lata
1556 1872 1567 1890 ,
1601 1837 1661 1878 sub
1694 1838 1822 1892 lingua

496 1906 688 1957 Vtrimque
723 1904 768 1943 ad
802 1902 948 1942 frenum
984 1903 1077 1942 duae
1111 1903 1383 1955 appendiculae
1417 1902 1546 1941 breues
1583 1900 1817 1956 conspiciun-

496 1977 554 2007 tur
574 2001 585 2019 ‚
617 1978 687 2006 tres
719 1967 835 2007 lineas
870 1966 1002 2019 longae
1023 1996 1034 2015 ,
1071 1965 1191 2005 fauces
1226 1966 1324 2004 intus
1354 1965 1461 2004 albae
1495 1963 1591 2005 sunt.

616 2060 730 2100 Oculi
766 2061 876 2101 valde
912 2061 1189 2113 prominentes,
1208 2057 1350 2111 ampli,
1382 2061 1641 2114 magnitudine
1659 2062 1733 2104 sere
1751 2063 1827 2104 bo-

498 2124 611 2166 villos
629 2124 873 2176 attingentes:
904 2125 963 2162 iris
997 2123 1096 2175 nigra
1120 2154 1129 2172 ,
1166 2121 1305 2175 pupilla
1338 2123 1535 2178 Smaragdi
1572 2127 1819 2178 inllarlucet,

502 2189 655 2230 maioris⁴
687 2188 831 2241 glandi„
863 2186 1067 2241 plumbeae
1101 2187 1236 2228 mole:
1271 2188 1415 2243 pupilla
1463 2201 1644 2245 exempta
1684 2190 1823 2231 viscosa

1741 2254 1793 2294 cst
1811 2288 1823 2308 ‚
