1971 2700
405 145 664 192 ECLIPSES
703 145 1117 196 LVMINARIVM.
1362 166 1449 206 453

143 267 189 308 ad
222 265 356 308 lineam
390 276 456 306 an
476 273 629 318 zm,
663 274 700 306 et
729 265 899 320 prodibit
933 266 1032 308 linea
1063 274 1124 323 ep
1146 299 1156 319 ‚
1208 279 1300 321 quae
1333 283 1451 324 porro

143 332 189 371 ad
222 331 358 370 lineam
389 328 462 369 Le
495 330 618 370 addita
649 329 786 371 lineam
821 329 855 370 L
868 338 896 384 p
930 330 1127 383 producet.
1216 333 1285 372 His
1318 334 1449 375 inuen-

141 395 190 433 tis
222 394 438 434 demittatur
471 405 492 431 a
525 393 674 446 punc‘to
707 392 743 432 L
777 394 822 433 ad
854 393 1075 447 parallelum
1111 394 1238 435 stellae
1288 409 1452 450 perpen-

141 457 305 497 dicularis
335 455 369 495 L
389 469 414 509 g
434 488 444 508 ,
477 466 514 496 et
546 456 769 497 formabitur
802 457 890 496 inde
923 458 1148 511 triangulum
1191 459 1451 512 ree'tangulum

141 520 176 560 L
183 528 255 575 gp
274 552 285 572 ‚
317 520 355 558 in
386 531 463 573 quo
497 529 646 574 praeter
689 521 838 561 rectum
872 523 916 562 ad
925 536 956 575 g
973 521 1105 562 dantur
1124 534 1193 575 per
1232 525 1451 576 praemissas

142 583 468 624 determinationes
515 583 779 638 hypothemisa
821 583 854 623 L
865 593 917 639 p,
969 595 1007 624 et
1039 587 1192 638 angulus
1241 587 1274 626 L
1285 595 1314 641 p
1323 601 1355 640 g
1387 599 1448 627 ae-

139 646 250 700 qualis
278 646 344 686 suo
375 647 525 687 alrerno
557 648 666 688 ard
682 681 692 700 ‚
727 648 829 688 vnde
848 647 938 689 latus
971 661 1118 702 quoque
1149 650 1181 689 L
1190 664 1242 702 g,
1276 650 1448 691 differen-

138 711 190 750 tia
221 710 513 750 declinationum
547 712 667 751 centri
700 710 830 751 Lunae
865 721 904 750 et
938 712 1061 752 stellae
1095 723 1273 766 tempore
1312 715 1450 768 appul-

138 772 189 813 sus
223 772 390 813 maculae
425 773 471 815 M
516 776 561 814 ad
595 774 776 828 capillum
811 773 904 815 BD
938 775 1141 827 obtinens⁷
1173 786 1212 814 et
1245 777 1340 816 linea
1371 788 1398 831 p
1415 791 1448 831 g

137 837 302 890 partibus
333 837 518 890 temporis
549 838 595 878 ad
628 848 779 879 motum
823 839 945 878 stellae
978 838 1101 878 relatis
1147 838 1348 889 expreffae
1381 847 1447 881 da·

137 899 288 940 buntur.
354 901 532 941 Tandem
568 901 751 941 addantur
782 902 1032 942 oscillationes
1079 902 1273 955 horologii
1306 904 1446 945 lineam

133 971 203 1018 ap
252 963 355 1017 supra
397 964 527 1005 datam
578 966 839 1019 exprimentes
872 967 917 1005 ad
951 965 1089 1005 slmiles
1140 966 1391 1007 oscillationes
1423 981 1447 1008 a

131 1027 310 1066 contactu
343 1026 468 1068 stellae
503 1026 530 1067 S
567 1041 653 1068 cum
691 1028 832 1081 capillo
866 1027 898 1067 B
917 1027 958 1068 D
993 1029 1040 1069 ad
1073 1029 1263 1070 occursum
1317 1043 1448 1072 macu-

133 1088 191 1129 lae
225 1089 271 1130 Μ
304 1090 433 1130 eidem
464 1091 603 1144 capillo
637 1092 908 1132 intercedentes
939 1092 1083 1132 lineam
1117 1090 1443 1145 Sacomponen-

133 1163 214 1204 tes,
250 1162 290 1191 et
323 1154 486 1204 prodibit
519 1154 616 1192 linea
650 1152 718 1207 Sp
738 1187 751 1205 ,
783 1167 803 1194 a
836 1167 907 1206 qua
928 1155 1115 1194 fiibtrac‘to
1135 1154 1252 1194 latere
1280 1163 1308 1209 p
1317 1170 1348 1209 g
1375 1170 1442 1197 nu⁴

130 1227 201 1269 per
219 1216 397 1263 inuent0‚
419 1215 568 1255 restabit
586 1214 687 1255 linea
705 1214 732 1256 S
741 1229 773 1269 g
790 1248 800 1267 ,
813 1216 1027 1258 differentia
1047 1217 1299 1258 alitensmnum
1320 1220 1444 1260 rena-

130 1291 211 1318 rum
230 1279 347 1319 centri
366 1278 496 1319 Lunae
517 1287 555 1318 et
583 1279 708 1320 stellae
734 1289 942 1320 momento
969 1282 1234 1321 obseruationis
1266 1283 1440 1324 obtinens

128 1342 260 1382 itidem
295 1352 404 1383 motu
438 1343 562 1383 stellae
595 1341 797 1396 expressa:
841 1344 971 1396 quibus
1004 1345 1095 1384 datis
1143 1344 1252 1386 datur
1302 1347 1440 1398 politio

128 1407 246 1445 centri
278 1405 407 1446 Lunae
439 1408 483 1447 ad
517 1405 661 1446 stellam
694 1407 867 1459 quaesita.
913 1407 1069 1447 Eodem
1105 1409 1227 1448 modo
1260 1409 1342 1448 loca
1363 1409 1438 1451 Lu-

126 1480 196 1508 nae
230 1470 274 1509 ad
308 1469 452 1509 stellam
491 1470 642 1509 viter-ius
673 1470 1050 1520 determinabuntur,
1086 1471 1111 1510 si
1147 1472 1241 1511 duae
1267 1473 1436 1513 obserua-

126 1532 250 1573 tiones
281 1533 505 1586 posteriores
537 1534 618 1573 nrt's
651 1545 794 1586 nempe
827 1533 883 1585 4‘0
929 1543 966 1573 et
1006 1535 1058 1583 51⁰
1107 1534 1196 1587 §phi
1228 1535 1333 1575 liuius
1354 1549 1439 1576 mea

123 1606 295 1636 moratae
329 1605 575 1649 repetantur,
609 1605 684 1635 tres
724 1597 829 1637 enim
861 1599 1009 1651 priores
1060 1598 1270 1638 constantes
1322 1600 1433 1652 lunt,

124 1668 162 1697 et
194 1659 307 1700 semel
339 1659 515 1700 definitae
546 1672 615 1713 per
644 1659 832 1712 integram
866 1662 1103 1701 durationem
1139 1661 1314 1715 eclipseos
1351 1676 1437 1703 eae--

128 1721 215 1760 dem
250 1723 452 1772 obtinent,
484 1732 520 1761 et
552 1723 693 1775 poterit
723 1723 814 1763 hinc
848 1724 948 1765 locus
980 1724 1109 1764 Lunae
1151 1725 1324 1778 relpce‘tu
1370 1740 1437 1766 ae-

126 1785 291 1837 quatoris
322 1798 391 1837 per
421 1784 586 1836 regulam
620 1788 918 1836 proportionum
953 1789 997 1826 ad
1031 1788 1229 1839 quodlibet
1279 1798 1433 1842 tzmpus

124 1847 299 1900 eclipleos
331 1857 432 1888 inter
465 1847 740 1888 obseruationes
773 1848 988 1890 huiusmodi
1020 1850 1291 1893 intermedium
1337 1853 1432 1894 defi-

120 1910 193 1951 niri
226 1921 267 1950 vt
298 1911 407 1964 prius.

236 1973 351 2015 Schol.
393 1979 482 2013 lmum
513 1975 659 2032 Quodfi
702 1977 828 2030 posrto
874 1981 1043 2032 margine
1075 1978 1208 2020 Lunae
1257 1980 1426 2020 inferiori

119 2037 224 2089 supra
255 2038 430 2091 capillum
468 2037 506 2081 G
526 2038 559 2080 C
592 2042 631 2080 in
663 2041 731 2080 situ
764 2041 935 2082 eiusdem
978 2043 1022 2082 ad
1066 2044 1242 2084 diuinum
1296 2044 1424 2083 Lunae

109 2100 320 2155 parallelo,
371 2104 499 2158 prouti
531 2104 569 2143 in
600 2101 760 2146 Scholio
792 2105 884 2152 §oni
917 2105 1164 2159 describitur,
1217 2107 1314 2147 stella
1346 2106 1418 2145 Lu-

681 2167 716 2208 L
749 2167 763 2208 l
795 2168 807 2208 l
844 2179 867 2216 3
1332 2181 1425 2210 nam
