1971 2700
495 195 576 237 DE
607 191 820 237 BESTIIS
853 190 1120 238 MARINIS.
1361 208 1457 247 327

160 310 295 352 Altero
327 309 383 350 die
410 319 495 348 cum
529 307 681 347 summo
711 318 822 347 mane
853 305 1111 346 accederemus
1132 337 1143 358 ‚
1192 317 1269 359 quo
1301 318 1451 348 carmen

160 376 198 414 in
240 373 341 413 frusta
383 371 648 421 scindet-emus,
701 382 743 409 ac
778 369 937 409 domum
992 379 1226 422 portaremus
1244 400 1255 420 ‚
1309 369 1450 409 mascu-

159 438 238 476 lum
289 433 399 475 rursus
431 432 625 472 foemellae
657 431 733 473 suae
760 432 964 472 adstantem
983 433 1218 482 inuenimus,
1271 433 1371 485 quod
1418 441 1457 471 et

161 501 267 538 tertia
297 497 459 537 hucdum
491 496 550 535 die
583 496 688 548 vidi,
720 508 806 535 cum
841 504 999 549 propter
1029 495 1208 536 lustranda
1245 494 1360 535 solum
1393 495 1453 536 in-

161 562 288 601 testina
318 559 408 600 solus
439 560 670 599 accederem.
1453 558 1457 573 ³

273 624 459 678 Quantum
491 623 536 662 ad
571 634 708 662 vocem
743 631 890 663 mutum
921 621 972 662 est
1011 623 1181 674 animal,
1233 635 1302 663 nec
1335 623 1454 663 vllam

160 699 298 727 vocem
329 686 421 736 edit,
454 683 514 725 sed
545 685 690 724 fortiter
720 684 836 725 lolum
869 687 1006 738 spirat,
1039 696 1076 725 et
1112 686 1347 726 vulneratum
1386 696 1456 725 ve·-

160 751 214 790 lut
245 748 385 802 suspiria
421 748 530 788 ducit.
567 747 694 787 Oculis
727 756 908 800 quantum
940 749 1061 788 valeat
1094 758 1131 786 et
1149 749 1290 788 auribus
1311 776 1323 791 ‚
1354 747 1457 787 affir-

161 825 264 852 mare
295 824 368 852 non
400 812 516 851 audeo
536 844 546 862 ,
595 812 655 851 vel
686 809 802 850 fiiltim
846 811 896 850 ob
930 810 965 850 id
998 823 1131 863 parum
1164 811 1292 850 vident
1324 819 1361 848 et
1392 821 1453 849 au-

160 876 265 915 diunt
284 907 294 926 ‚
346 875 444 927 quod
491 884 600 927 caput
649 873 795 913 subinde
842 871 903 912 sub
943 874 1041 926 aquis
1072 874 1287 913 contineant
1310 905 1320 924 ,
1368 872 1455 911 imo

159 939 296 978 animal
323 937 443 991 ipsum
478 938 584 978 vsum
618 936 754 977 horum
787 948 1012 989 organorum
1063 936 1250 989 negligere
1289 944 1326 975 et
1356 947 1457 989 con-7

161 1010 327 1040 temnere
361 1002 517 1041 videtur.

272 1063 373 1103 Inter
390 1075 539 1114 omnes,
557 1063 620 1116 qui
637 1063 685 1102 de
717 1061 862 1103 Manati
893 1061 1125 1115 scripserunt,
1167 1074 1284 1103 nemo
1309 1063 1456 1114 plenio-

159 1138 244 1166 rem
275 1136 312 1165 et
351 1127 574 1165 curatiorem
610 1124 850 1165 curiofiffimo
891 1137 933 1162 ac
965 1123 1213 1175 diligetiffimo
1246 1122 1456 1176 Capitaneo

159 1187 373 1238 Dampicro
407 1187 636 1224 concinnauit
668 1186 707 1223 in
725 1185 908 1224 itinerario
925 1184 987 1225 suo
1018 1185 1232 1237 Anglicano
1271 1187 1452 1226 idiomate

157 1250 259 1289 edito
295 1256 422 1294 1702.
465 1246 643 1287 Londini.
711 1246 797 1287 Nec
844 1247 1045 1301 quidquam
1098 1248 1302 1301 perlegenti
1354 1249 1454 1289 mihi

156 1310 304 1350 censura
341 1310 495 1362 dignum
547 1310 768 1359 videbatur,
817 1309 906 1350 licet
937 1323 1054 1363 pauca
1104 1312 1283 1363 quaedam
1317 1313 1354 1352 in
1388 1325 1458 1352 no·

156 1373 273 1413 strum
307 1373 446 1413 animal
481 1384 557 1412 non
595 1373 839 1426 quadrarent,
893 1373 1000 1413 refert
1050 1374 1154 1413 enim
1189 1375 1264 1414 dari
1299 1388 1340 1415 2.
1376 1375 1458 1427 spe-

159 1436 231 1475 cies
260 1435 435 1487 Munati,
463 1448 617 1489 quarum
652 1448 724 1475 vna
758 1436 838 1487 plus
867 1437 982 1475 oculis
1001 1437 1125 1476 minus
1157 1438 1316 1488 auribus,
1343 1437 1454 1476 altera

161 1497 242 1550 plus
272 1499 412 1538 auribus
442 1499 565 1538 minus
597 1497 672 1538 visu
705 1498 849 1549 valeat,
881 1511 973 1551 quae
1008 1511 1097 1538 vero
1131 1499 1235 1539 affert
1265 1501 1312 1540 de
1337 1511 1453 1540 vena-

162 1560 266 1599 tione
283 1560 382 1600 huius
413 1562 578 1601 animalis
596 1594 606 1613 ,
638 1562 738 1614 quod
776 1562 996 1602 Americani
1029 1562 1163 1614 absque
1194 1562 1273 1602 vllo
1305 1561 1456 1614 strepitu

162 1632 201 1661 et
233 1635 324 1662 voce
354 1626 521 1664 accedant
542 1658 552 1676 ‚
583 1636 627 1664 ne
660 1624 782 1677 firgent
815 1626 979 1672 manati,
1013 1625 1101 1663 citra
1132 1625 1284 1664 dubium
1321 1624 1371 1663 ita
1404 1625 1457 1664 est

163 1686 200 1724 in
218 1684 321 1736 locis,
341 1687 407 1726 vbi
423 1689 552 1728 crebro
574 1688 766 1740 capiuntur
786 1721 796 1739 ,
828 1700 871 1727 ac
903 1687 1075 1727 homines
1092 1687 1157 1727 fibi
1176 1687 1362 1727 obnoxios
1387 1687 1458 1727 effi:

163 1748 279 1798 longo
312 1748 375 1786 vsu
394 1749 607 1789 *didicerunt
626 1782 635 1800 ,
668 1751 799 1789 eadem
828 1751 972 1789 ratione
1003 1763 1044 1790 ac
1077 1749 1215 1789 Lutrae
1234 1782 1245 1801 ‚
1279 1750 1426 1789 Phocae
1447 1779 1460 1799 ,

163 1809 308 1849 Isatides
329 1840 339 1859 ,
372 1823 463 1862 quae
493 1811 530 1849 in
576 1811 647 1849 hac
698 1811 833 1850 deserta
866 1812 975 1851 insula
1008 1824 1195 1864 nunquam
1248 1821 1352 1851 antea
1384 1812 1458 1852 ho-

165 1872 314 1913 minem
345 1873 516 1912 viderunt
535 1905 544 1923 ,
578 1882 639 1912 aut
672 1873 794 1912 securo
826 1874 908 1912 otio
940 1873 1166 1925 indulgentes
1216 1874 1351 1914 turbati
1381 1875 1457 1914 fue—

166 1944 249 1975 runt
269 1965 280 1985 ‚
313 1946 333 1973 a
363 1935 452 1974 nobi
472 1936 621 1974 aduenis
663 1936 699 1974 in
740 1935 892 1975 inssilam
926 1934 1089 1987 Beringii
1122 1937 1255 1989 absque
1296 1937 1376 1976 vllo
1407 1938 1459 1977 la-

166 1998 258 2037 bore
296 1998 575 2048 occidebantur,
619 2010 709 2036 cum
741 1999 818 2038 iam
849 2011 964 2051 aeque
1005 1998 1100 2038 serae
1140 2000 1303 2039 redditae
1352 1999 1452 2052 sint,

165 2072 209 2100 ac
241 2061 398 2099 interris
429 2059 708 2100 Kamtschaticis
728 2092 738 2111 ,
770 2074 809 2100 ac
841 2073 914 2100 non
947 2070 1090 2101 tantum
1125 2061 1203 2101 viso
1221 2061 1324 2101 hoste
1346 2092 1358 2114 ‚
1393 2062 1457 2102 sed

166 2134 253 2165 nare
272 2122 422 2178 vestigia
438 2124 627 2167 diuinante
644 2154 656 2178 ,
687 2124 771 2177 fuga
789 2124 852 2167 fibi
869 2124 1058 2181 praecipiti
1076 2123 1277 2168 consulant.

1345 2186 1459 2229 Acci-
