1971 2700
523 179 609 225 158
761 172 848 241 QE
882 169 1335 219 EVAPORATIONE
1367 173 1459 218 EX
1491 176 1654 237 AQVA

521 286 645 328 calore
691 287 854 342 assignari
914 289 1047 344 potest.
1138 289 1318 331 Exhibeo
1374 290 1487 331 nudas
1544 289 1847 347 obscurationes,

516 360 711 393 contentus
732 385 743 405 ,
773 352 800 394 fi
829 354 1028 408 aliqualem
1072 354 1275 395 vtilitatem
1325 356 1362 395 in
1410 355 1562 396 naturali
1593 354 1743 398 scientia
1776 356 1846 398 ha-

525 414 648 456 beant.
1218 435 1221 438 >

645 513 679 561 §.
707 525 775 562 14.
811 510 1008 553 Nonnulla
1028 544 1039 562 ,
1072 525 1166 566 quae
1198 514 1235 554 in
1259 513 1537 568 Meteorologia
1563 513 1765 556 vtilitatem
1782 514 1849 558 h'a·

524 576 611 617 bere
644 575 789 630 possunt
820 588 871 616 ex
903 574 962 617 his
1004 576 1314 620 obseruationibus
1352 580 1475 633 colligi
1509 578 1610 634 poss‘e
1661 579 1847 622 videntur.

526 638 728 681 Nimirum
1279 689 1282 693 ,

648 702 689 760 1)
723 703 762 745 Si
797 705 998 758 temperies
1030 705 1127 746 aeris
1159 704 1233 747 sole
1268 707 1371 760 supra
1405 706 1650 747 horizontem
1694 719 1848 748 moran-

522 777 560 808 te
591 771 619 807 6
627 779 666 817 5.
702 769 883 822 graduum
916 769 969 809 est
988 802 997 820 ‚
1030 780 1068 809 et
1101 783 1215 825 aquae
1248 772 1285 811 in
1318 769 1508 824 superficie
1527 771 1658 811 telluris
1680 771 1847 825 stagnan-

523 832 570 872 tis
593 865 603 884 ,
636 825 669 871 e.
706 845 744 886 g.
782 832 912 884 fluuii,
944 833 1039 873 lucus
1073 834 1131 873 vel
1167 837 1279 875 maris
1298 835 1500 888 temperies
1520 827 1644 875 min'or
1665 846 1737 885 50.
1763 848 1848 889 gra·-

521 895 627 936 dibus
648 928 658 947 ‚
689 897 789 949 quod
822 908 912 935 vere
943 907 980 936 et
1013 907 1197 937 autumno
1231 899 1404 952 inprimis
1435 899 1603 938 obtinere
1623 898 1712 939 iolet
1731 931 1743 952 ,
1770 898 1849 940 sae-

526 960 608 1012 pius
639 959 820 1000 collec'tio
856 971 1041 1013 vaporum
1078 960 1211 1013 largius
1244 962 1325 1001 ficri
1359 962 1470 1002 debet
1506 975 1618 1015 quarn
1669 975 1847 1018 euupora-

527 1023 598 1062 tio.
665 1023 768 1078 Exp.
804 1023 837 1064 l.
876 1022 929 1063 11.
973 1022 1047 1063 111.

643 1085 687 1140 2)
723 1086 760 1128 Si
795 1088 1003 1140 temperies
1035 1089 1129 1128 a‘e’ris
1160 1087 1304 1142 superat
1349 1098 1374 1137 7
1384 1098 1423 1138 5.
1461 1089 1593 1142 gradus
1625 1097 1664 1128 ct
1697 1098 1850 1143 tempe-

523 1149 597 1190 ries
629 1161 745 1203 aquae
779 1151 817 1189 in
853 1150 1047 1204 superficie
1081 1152 1217 1191 telluris
1252 1152 1448 1204 stagnantis
1482 1165 1516 1192 e.
1554 1165 1591 1206 g.
1628 1151 1762 1203 fluuii,
1799 1153 1849 1193 la-

519 1224 582 1253 cus
615 1213 678 1254 vel
719 1215 833 1254 maris
865 1215 917 1254 est
952 1215 1080 1254 minor
1110 1218 1182 1253 60.
1218 1215 1417 1267 gntdibiis,
1450 1216 1549 1267 quod
1583 1214 1717 1254 aestate
1757 1209 1851 1255 con'-

523 1277 667 1331 tingere
701 1276 837 1332 fitepius
868 1277 957 1318 solet
977 1311 987 1329 ,
1022 1277 1133 1318 rursus
1167 1278 1248 1331 plus
1282 1290 1469 1330 vaporum
1504 1290 1553 1317 ex
1586 1279 1671 1318 ae're
1723 1277 1850 1331 colligi

523 1340 636 1381 debet
687 1353 730 1381 ac
764 1342 1033 1397 euaporatioue
1076 1343 1111 1382 in
1145 1341 1449 1395 atmosphuerum
1499 1341 1587 1380 abit.
1653 1339 1758 1393 Exp.
1796 1339 1849 1381 V.

525 1413 565 1443 et
598 1403 670 1445 VI.

645 1466 690 1523 3)
724 1466 763 1508 Si
797 1468 1002 1510 differentia
1044 1469 1140 1509 inter
1194 1469 1419 1522 temperiem
1455 1467 1549 1507 a'e'ris
1598 1466 1782 1507 calidioris
1813 1476 1851 1508 et

527 1540 644 1584 aquae
678 1532 876 1586 frigidioris
909 1533 945 1572 in
976 1531 1172 1585 superficie
1208 1533 1345 1572 telluris
1363 1531 1559 1585 fluguuutis
1576 1542 1610 1570 e.
1650 1544 1686 1584 g.
1723 1530 1849 1583 fluuii,

525 1593 625 1634 lacus
658 1597 723 1636 vel
756 1598 868 1637 maris
902 1609 1106 1650 paucorum
1142 1606 1289 1635 tantum
1325 1596 1504 1649 graduum
1539 1594 1589 1633 est
1609 1628 1618 1645 ‚
1653 1595 1752 1648 quod
1786 1606 1852 1634 or-

525 1657 672 1699 dinario
707 1658 779 1699 sole
814 1659 916 1714 supra
952 1659 1196 1699 horizontem
1234 1669 1406 1699 monime
1442 1658 1520 1698 fieri
1553 1657 1643 1698 solet
1667 1669 1849 1711 ,Oeuupo-

526 1723 624 1762 ratio
657 1723 881 1777 praeualebit
917 1736 1002 1777 prae
1036 1723 1263 1762 colle-&ione
1298 1735 1487 1776 vaporum
1540 1722 1739 1762 lecuudum
1781 1723 1850 1763 ob-

526 1783 743 1830 seruationes
775 1786 880 1842 Exp.
916 1786 949 1827 1.
984 1785 1036 1840 11,
1070 1785 1141 1828 111.
1178 1786 1252 1827 IV.
1289 1786 1341 1826 V.
1381 1784 1453 1825 Vl.

644 1883 679 1931 §.
710 1894 778 1932 15.
831 1882 983 1923 Poss‘unt
1017 1883 1135 1921 etiam
1169 1894 1219 1922 ex
1254 1881 1565 1931 obseruationibus
1613 1879 1851 1932 euaporatio·

531 1946 588 1983 nis
618 1948 733 2000 aliqua
769 1959 817 1986 ex
852 1958 953 2000 pum:
985 1946 1146 1986 definitis
1175 1945 1351 1985 nonnulla
1382 1942 1633 1988 confirmari,
1683 1955 1776 1994 quac
1809 1943 1848 1982 in

530 2007 676 2048 scientia
728 2011 881 2049 naturali
925 2021 974 2047 ex
1009 2009 1218 2059 vulg-nribus
1250 2017 1288 2045 et
1321 2018 1454 2057 purum
1492 2005 1551 2044 vel
1598 2004 1741 2058 prorlus
1772 2018 1848 2045 non

529 2072 693 2111 definitis
725 2071 1041 2112 obseruationibus
1071 2083 1092 2109 a
1126 2069 1297 2109 scientiae
1332 2068 1504 2109 naturalis
1553 2070 1757 2110 cultoribus
1784 2072 1848 2110 de·

524 2135 719 2177 ducuntur.
784 2135 982 2177 Nimirum

1806 2192 1845 2250 ¹)
