1971 2700
165 195 448 242 STATERAE
465 193 663 240 GEOG'R.
683 191 763 237 ET
780 190 962 239 NAVT.
993 189 1349 240 DESCRIPTIO.
1386 212 1471 250 213

168 311 272 351 idem
304 311 447 364 pondus
480 310 518 349 in
549 308 614 349 fitu
645 306 873 349 horizontali
903 306 1101 358 sustentet,
1141 309 1176 348 id
1208 311 1307 363 quod
1348 313 1476 364 appel-

166 373 276 415 lant2
309 375 368 414 die
402 372 517 414 Feder
548 370 668 425 gleich
718 371 945 425 abwiegen3
995 371 1105 412 simili
1138 372 1299 414 artificio
1331 375 1371 414 in
1408 387 1477 414 no-

166 437 241 477 stro
271 438 509 477 instrumento
542 433 641 474 effici
673 434 796 487 potest
817 467 827 485 ,
859 445 902 475 vt
935 435 1052 475 index
1084 434 1162 475 eius
1195 436 1279 477 data
1315 436 1474 491 qualibet

165 499 371 540 differentia
403 497 572 552 ponderis
604 497 734 537 datum
766 499 958 550 quodlibet
991 497 1149 551 spatium
1201 511 1387 553 percurrat
1405 532 1415 550 ,
1449 500 1477 542 fi

164 561 300 603 scilicet
349 561 582 614 segmentum
622 559 716 600 DL
757 560 883 601 fimilis
930 560 1151 602 conchoidis
1183 574 1266 615 pars
1298 564 1349 605 fit.
1391 564 1474 604 Hu-

164 626 218 667 ius
248 624 473 666 constructio
504 635 596 664 vero
629 636 706 664 non
743 624 950 664 theoretice
984 624 1044 665 sed
1076 625 1240 678 praefice
1297 628 1472 669 tentando

164 689 359 729 obtinetur.
422 685 532 728 Licet
563 688 657 728 adeo
688 687 823 727 scalam
856 687 1060 727 latitudinis
1089 701 1161 740 pro
1191 689 1305 730 lubitu
1339 691 1476 745 ampli-

164 751 273 792 ficare
291 783 302 802 ,
335 752 372 791 in
404 758 584 804 quantum
620 750 758 791 scilicet
789 750 913 791 stistio
953 750 1118 803 capsulae
1170 754 1265 792 circa
1312 755 1401 793 axin
1433 754 1476 794 A

162 814 237 857 hoc
266 814 449 867 concedit.

274 873 310 920 §.
336 888 378 927 7.
412 877 556 918 Adsunt
605 891 700 920 vero
738 878 889 919 subsidia
908 911 918 929 ,
970 877 1099 932 quibus
1138 876 1231 919 haec
1279 877 1402 919 frictio
1433 878 1476 921 in

161 951 304 983 tantum
344 942 521 983 imminui
555 942 698 996 potest,
731 952 776 983 vt
808 943 849 981 in
882 941 1130 982 instrumento
1162 943 1290 982 nostro
1322 942 1474 983 incom-

159 1006 280 1047 modo
320 1007 391 1045 esse
422 1017 589 1058 nequeat.
654 1005 881 1057 Adfigantur
913 1004 1052 1044 scilicet
1084 1004 1130 1043 ad
1168 1015 1374 1058 Vtramque*
1406 1006 1475 1047 ba-

160 1069 212 1111 sm
254 1068 418 1121 capsulae
468 1066 502 1108 C
549 1069 641 1108 duae
688 1068 869 1108 auriculae
918 1066 965 1107 M
986 1100 997 1119 ,
1024 1066 1094 1117 N,
1146 1067 1229 1121 Fig'.
1268 1080 1307 1108 2.
1359 1081 1473 1120 quan·

160 1133 297 1172 tumuis
320 1131 466 1184 longae.
527 1131 572 1172 In
605 1131 739 1171 harum
771 1132 1025 1169 extremitates
1058 1128 1261 1171 inserantur
1289 1144 1378 1171 axes
1413 1143 1476 1171 ra-

158 1196 305 1234 diorum
374 1207 400 1232 o
447 1201 485 1232 et
549 1207 576 1244 p
597 1224 607 1242 ‚
676 1194 716 1230 in
775 1194 890 1233 altera
947 1200 1054 1244 parte
1110 1202 1213 1232 arcus
1279 1194 1476 1236 circulares

156 1269 209 1309 q,
241 1267 289 1306 r,
359 1266 402 1305 s,
437 1262 483 1303 t,
534 1256 755 1307 gerentium.
824 1254 877 1294 Hi
911 1254 1004 1294 radii
1044 1253 1095 1294 ita
1156 1255 1227 1296 smt
1273 1257 1470 1311 dispositi,

156 1327 199 1358 vt
240 1318 283 1357 iis
324 1317 573 1357 mediantibus
610 1318 800 1371 integrum
846 1320 993 1371 pondus
1042 1316 1242 1371 capsulae,
1295 1321 1472 1374 emeris,

155 1380 294 1422 brachii
333 1392 371 1421 et
419 1380 595 1433 ponderis
644 1382 682 1421 H
734 1383 797 1421 axi
849 1383 887 1422 A
938 1381 1164 1435 incumbat3
1215 1391 1251 1421 et
1303 1385 1372 1424 erit
1416 1395 1467 1423 ex

154 1444 345 1498 principiis
378 1443 609 1484 mechanicis
641 1444 763 1485 frictio
803 1445 842 1483 in
892 1444 1074 1498 praesenti
1125 1444 1369 1498 dispositione
1419 1445 1466 1486 ad

156 1508 323 1559 priorem
373 1517 417 1548 vt
460 1520 478 1546 1
518 1509 565 1548 ad
613 1509 758 1548 radium
799 1521 825 1548 a
857 1520 877 1548 o
917 1509 1074 1548 circiter.
1158 1509 1284 1549 Αιιᾶςῑ
1342 1510 1468 1561 itaque·

157 1569 384 1622 longitudine
418 1572 606 1611 radiorum
628 1603 639 1622 ,
672 1571 794 1611 frit‘Jtio
829 1571 866 1610 in
907 1572 1041 1611 eadem
1081 1571 1226 1610 ratione
1268 1572 1467 1612 imminui-

157 1642 226 1672 tur.
299 1633 417 1674 Potest
456 1636 571 1674 etiam
612 1635 728 1688 aliqua
780 1633 960 1674 fric'tionis
1010 1634 1232 1674 imminutio
1272 1635 1466 1687 obtineri,

157 1695 184 1736 fi
237 1695 316 1734 axis
349 1697 510 1750 capsulae
545 1698 654 1737 instar
686 1698 763 1737 axis
813 1697 961 1737 staterae
1012 1697 1169 1749 vulgaris
1219 1698 1466 1738 acuminatur.

293 1759 325 1805 ξ.
351 1765 386 1799 8-
422 1759 532 1814 Quod
565 1760 591 1799 si
621 1760 742 1800 frictio
760 1761 799 1800 in
817 1761 923 1812 praxi
942 1763 979 1800 in
1007 1770 1156 1800 tantum
1188 1761 1362 1800 imminui
1384 1759 1466 1813 pos-

156 1821 224 1871 set,
245 1821 388 1860 vthaec
408 1821 536 1861 statera
555 1831 701 1874 partem
719 1828 833 1870 3533333
853 1824 1026 1875 punieris
1047 1823 1199 1874 appensi
1218 1824 1376 1863 indicare
1395 1836 1462 1864 va-

155 1884 246 1924 leret
264 1915 274 1933 ,
293 1883 434 1923 nullum
459 1884 556 1923 foret
575 1885 750 1935 dubium,
769 1886 845 1924 eius
862 1898 937 1938 ope
957 1887 1069 1925 etiam
1090 1886 1277 1925 adtionem
1299 1886 1406 1926 lunae
1423 1887 1465 1926 in

154 1959 313 2000 corpora
345 1947 521 1987 terrestria
540 1948 712 2001 cognosci
732 1947 849 1999 poffe.
918 1948 1055 1988 Fateor
1078 1960 1187 1998 vcro,
1222 1961 1286 1988 me
1321 1948 1462 2002 prorius

154 2010 200 2049 de
232 2010 300 2049 hac
341 2022 381 2049 re
413 2010 614 2063 desperare.
681 2011 773 2066 Quis
803 2011 908 2049 enim
940 2015 1108 2051 crederet
1141 2013 1185 2051 ad
1206 2013 1351 2065 pondus
1380 2023 1466 2060 500

152 2073 309 2113 libarum
344 2072 458 2113 vllam
494 2074 662 2114 stateram
697 2072 884 2114 defectum
918 2075 982 2115 vel
1015 2075 1203 2115 exceffum
1239 2076 1344 2116 vnius
1382 2089 1468 2129 gra-

152 2136 190 2177 ni
221 2137 382 2178 indicare
411 2137 526 2193 posse.

714 2199 756 2242 D
789 2201 813 2241 d
848 2212 871 2249 3
1300 2202 1466 2244 REMI-
