1971 2700
491 118 580 168 44⁶
778 113 1114 160 METHODVS
1143 110 1512 162 OBSERVANM

486 243 556 273 tas.
629 235 689 272 82⁰
734 231 933 289 Quoniam
965 241 1096 272 autem
1128 230 1228 271 stella
1257 242 1336 272 non
1369 231 1411 271 in
1440 230 1582 272 circulo
1602 233 1810 288 maximo,

488 295 553 336 vel
584 307 662 336 non
697 298 734 337 in
783 305 986 350 aequatore
1019 294 1132 349 ipso,
1162 293 1222 336 sed
1257 297 1295 336 iu
1327 295 1471 336 circulo
1516 296 1643 336 eidem
1693 299 1814 350 panl-

487 359 567 400 lelo
587 389 598 410 ‚
630 361 844 412 eodemque
878 359 1023 399 minori
1057 360 1203 399 mouet-i
1236 359 1462 414 supponitur
1481 392 1492 411 ,
1524 372 1702 400 numerus
1727 372 1813 414 par-

489 423 587 464 tium
620 424 745 464 circuli
785 422 955 462 maximi
987 434 1061 474 pro
1093 421 1304 464 differentia
1336 422 1591 464 ascensionum
1626 424 1813 466 rectarum

487 486 591 540 stupra
623 487 796 527 inuentus
816 519 826 536 ,
861 497 1026 526 numero
1079 486 1245 539 partium
1296 488 1461 541 paralleli
1514 488 1635 528 stellae
1684 488 1815 530 eidem

484 552 723 603 competenti
753 550 883 590 minor
911 551 980 589 erit
999 581 1011 601 ,
1046 550 1158 604 idque
1193 550 1232 590 in
1266 552 1415 591 ratione
1446 552 1618 593 diametri
1659 551 1814 605 paraue-

489 614 515 654 li
550 613 670 654 stellae
700 614 747 656 ad
780 613 1008 653 diametrum
1057 614 1266 666 aequatotis
1298 615 1354 655 vti
1383 625 1521 657 notum
1556 614 1619 656 cst.
1687 615 1816 671 Quane

487 689 560 730 pro
592 690 755 718 numero
785 679 950 731 partium
987 678 1150 730 paralleli
1184 678 1302 718 stellae
1333 678 1561 720 differentiae
1597 679 1652 719 illi
1689 678 1816 720 ascen-

485 741 635 782 sionum
679 743 868 782 rec‘iarum
919 739 1164 794 respondente
1222 743 1443 784 inueniendo
1461 775 1472 795 ‚
1519 744 1648 784 denuo
1697 742 1816 784 illatio

489 806 625 846 institui
659 807 802 858 debet;
837 816 880 845 vt
914 804 977 844 sc:
1015 803 1048 845 le
1081 805 1194 846 habet
1222 806 1372 847 cosmus
1403 807 1662 848 declinationis
1694 806 1814 848 stellae

485 868 546 910 seu
580 871 700 910 radius
752 870 918 923 paralleli
965 869 1085 909 stellae
1123 870 1172 909 ad
1207 868 1323 911 simun
1358 880 1484 911 totum
1506 904 1517 923 ,
1568 871 1632 911 vel
1665 872 1815 911 radium

487 934 721 987 aequatosis3
771 935 822 973 ita
857 944 979 987 partes
1011 932 1135 973 circuli
1166 934 1336 974 maximi
1370 935 1602 976 differentiae
1634 934 1814 975 ascenlio‹

483 1009 578 1037 num
620 998 809 1038 testatum
865 996 1130 1050 respondentes
1179 998 1281 1050 supra
1333 999 1504 1039 inuentae
1524 1031 1535 1050 ‚
1594 1000 1643 1039 ad
1693 1008 1817 1053 partes

486 1061 650 1113 paralleli
702 1061 826 1101 stellae
876 1062 1002 1101 eidem
1057 1060 1294 1102 differentiae
1349 1061 1606 1102 ascensionum
1649 1073 1816 1115 compe·

490 1134 620 1164 tentes.
689 1131 750 1173 9⁷¹⁰
796 1123 908 1165 Datis
938 1125 1011 1164 hoc
1047 1126 1168 1165 modo
1202 1125 1428 1166 differentiis
1459 1126 1817 1168 declinatiouumet

484 1186 740 1228 ascensionum
775 1188 965 1228 ree‘tarum
999 1189 1119 1226 centri
1155 1187 1285 1227 Lunae
1327 1198 1369 1227 et
1403 1189 1561 1239 stellae,
1615 1201 1686 1230 nec
1735 1200 1816 1231 non

484 1250 738 1291 declinatione
771 1262 812 1291 ot
843 1250 1056 1292 ascensione
1088 1251 1192 1291 tedia
1224 1251 1353 1291 stellae
1373 1283 1383 1303 ,
1429 1263 1526 1305 quae
1569 1252 1721 1293 aliunde
1751 1254 1818 1294 da·

483 1321 548 1354 tae
582 1313 842 1368 supponuntur
861 1346 873 1365 ,
905 1313 1110 1354 declinatio
1140 1325 1292 1368 quoquc
1326 1323 1366 1354 et
1397 1315 1560 1356 ascensio
1592 1315 1693 1356 recta
1726 1329 1818 1357 cen·

486 1379 535 1417 tri
554 1377 687 1419 Lunae
708 1378 753 1418 ad
781 1388 937 1432 tempus
952 1376 1221 1417 obseruationis
1239 1389 1310 1432 per
1324 1377 1361 1418 se
1380 1377 1632 1418 innotescent.
1667 1379 1816 1436 Quodsi

483 1441 569 1482 loca
606 1440 734 1483 Lunae
790 1442 843 1483 ad
878 1441 1020 1482 stellam
1055 1441 1156 1482 hunc
1191 1442 1229 1481 in
1271 1441 1434 1482 modum
1486 1443 1696 1496 nepetendo
1746 1444 1817 1484 ob-

483 1505 732 1548 seruationem
769 1507 934 1561 primam
984 1504 1091 1558 §pho
1118 1507 1370 1546 antecedente
1402 1505 1625 1560 descriptam
1647 1538 1658 1557 ‚
1688 1506 1815 1560 poste-

483 1571 578 1612 riori
608 1571 746 1612 eadem
782 1572 936 1625 semper
965 1579 1146 1610 manente
1167 1601 1179 1621 ,
1212 1569 1356 1623 aliquot
1407 1569 1552 1610 vicibus
1603 1580 1690 1610 ante
1739 1570 1815 1611 ini-

487 1635 581 1676 tium
616 1633 800 1689 eclipseos
834 1645 874 1675 et
907 1635 1064 1675 durante
1099 1633 1224 1687 eclipsi
1257 1632 1485 1674 definiantur
1504 1667 1515 1685 ,
1544 1633 1695 1674 dakitur
1727 1634 1816 1676 inde

491 1709 620 1742 motus
650 1698 782 1740 Lunae
816 1710 1001 1752 apparens
1034 1698 1139 1737 iuxta
1174 1707 1416 1750 aequatorem
1457 1708 1497 1738 et
1536 1697 1585 1736 ab
1617 1708 1816 1751 aequatore

489 1763 667 1817 quolibet
699 1773 877 1816 tempore
908 1760 1091 1815 eclipseos
1125 1761 1303 1801 obtinens
1321 1792 1333 1811 ,
1367 1771 1407 1800 et
1436 1773 1492 1803 ex
1519 1772 1575 1800 co
1605 1760 1710 1801 locus
1726 1774 1819 1802 cen·

494 1829 544 1868 tri
579 1826 712 1868 Lunae
743 1825 912 1880 respectu
944 1825 1158 1879 aequatoris
1189 1825 1235 1865 ad
1253 1824 1507 1879 quodcunque
1533 1824 1716 1878 eclipseos
1732 1838 1814 1868 mo-

492 1902 671 1932 mentum
704 1891 944 1944 quaerendns.
1671 1938 1673 1941 Ι

615 1954 736 1996 Schol.
774 1955 923 2010 Quodsi
956 1955 1107 2006 posim,
1137 1954 1311 2006 margine
1343 1951 1473 1993 Lunae
1507 1950 1675 1993 inferiori
1708 1952 1815 2008 supra

482 2017 668 2070 capillum
706 2015 745 2057 G
767 2017 835 2069 C,
869 2019 905 2057 in
941 2017 1009 2057 situ
1058 2018 1225 2057 eiusdem
1260 2016 1307 2055 ad
1336 2015 1515 2054 diurnum
1568 2014 1697 2057 Lunae
1748 2030 1817 2071 pa·

482 2080 646 2134 mucio,
679 2092 751 2136 pet
783 2081 1027 2134 quadrantem
1061 2079 1126 2119 vel
1158 2078 1362 2119 dimidium
1395 2077 1515 2119 horae
1562 2080 1662 2121 nulla
1714 2080 1814 2122 stella

1764 2143 1814 2185 ad
