1971 2700
496 169 518 211 ³
531 164 588 206 aa
840 156 926 208 DE
955 154 1171 209 BEfflls
1201 152 1464 204 MARINIS.

497 271 555 329 ι.)
588 271 736 315 Leones
767 280 808 314 et
837 273 910 315 vrsi
942 273 1079 316 matini
1109 273 1267 316 desertas
1298 272 1429 315 insulas
1461 273 1643 316 maximo
1677 287 1811 323 umne-

492 350 538 380 ιο
571 336 819 378 inhabitantes
835 368 846 388 ‚
880 338 934 378 ob
967 338 1005 378 id
1038 338 1141 392 quod
1170 338 1283 380 lutras
1314 339 1497 380 deuorant
1513 349 1553 380 et
1571 341 1704 393 quouis
1728 353 1815 385 mo·

491 401 546 443 do
575 401 726 443 laedunt
747 432 761 452 ,
794 400 862 442 has
895 399 1023 454 fiigant
1053 411 1093 442 et
1126 401 1174 443 ab
1206 402 1378 444 iisvalde
1397 402 1590 444 timentur.
1633 401 1693 458 2.)
1725 401 1820 447 Gh-

493 466 571 506 cies
621 475 814 516 nunquam
846 475 895 503 eo
912 495 924 515 ,
975 464 1144 518 adeoque
1177 477 1249 506 nec
1299 466 1413 507 lutrae
1459 467 1704 509 aduehuntur.
1759 466 1818 524 a.)

493 527 679 570 Distantia
712 527 809 568 inter
841 528 1069 568 Amet-icam
1104 538 1147 569 et
1186 527 1381 571 Kurillicas
1421 530 1644 584 posteriores
1692 529 1826 574 insulas

494 591 592 632 adeo
624 603 763 644 magna
793 591 847 632 est
867 623 879 642 ,
911 603 955 633 ac
987 590 1104 634 insulis
1135 592 1368 635 intermediis
1399 606 1502 636 caret
1521 628 1533 647 ,
1567 594 1741 649 adeoque
1777 607 1828 638 eo

495 654 676 696 animalia
726 654 819 696 haec
873 664 1002 697 natatu
1037 657 1234 710 peruenire
1269 668 1488 713 nequeunt;
1522 660 1569 701 ad
1601 658 1678 700 hoc
1719 671 1830 701 acce·

495 719 553 759 dit
573 751 584 771 ‚
614 718 717 773 quod
752 719 927 761 animalia
963 720 1056 762 haec
1090 732 1111 761 a
1144 730 1274 763 natura
1323 734 1402 762 non
1454 723 1672 776 vagabunda
1722 721 1794 764 smt
1812 754 1825 776 ,

497 783 559 824 sed
593 782 620 823 fi
653 784 864 824 commoda
896 783 981 825 loca
1031 785 1244 825 inuenerint
1278 785 1323 826 iis
1354 786 1474 828 veluti
1505 786 1620 827 affixa
1640 817 1651 838 ,
1702 786 1753 827 ita
1785 795 1827 828 et

498 846 676 899 priorum
711 845 907 887 insularum
942 847 1087 889 incolae
1121 849 1219 888 adeo
1260 847 1396 891 harum
1447 850 1639 891 venationi
1689 849 1831 892 intenti

501 908 580 952 sunt
600 942 612 962 ‚
641 919 687 950 vt
718 921 807 951 raro
839 909 974 952 aestate
1005 910 1193 964 euadant,
1224 923 1321 967 quae
1350 912 1494 966 hyeme
1526 913 1757 968 effugerunt.

619 1038 821 1080 Venantur
862 1038 978 1080 lutras
1006 1040 1117 1081 omni
1148 1049 1357 1094 tempore,
1389 1040 1449 1083 sed
1482 1042 1629 1084 ratione
1676 1049 1829 1094 tempo-

505 1102 554 1143 ris
602 1102 850 1144 diuersissimis
882 1103 1025 1144 modis.
1091 1103 1244 1156 Hyeme
1275 1113 1317 1145 et
1349 1105 1551 1158 praecipue
1591 1102 1722 1146 mense
1766 1104 1834 1146 Fe-

509 1164 660 1206 bruario
682 1196 696 1215 ‚
729 1164 875 1206 Martio
907 1175 946 1205 et
975 1166 1105 1218 Aprili
1138 1166 1393 1219 copiosissime
1423 1169 1651 1219 capiuntur,
1685 1167 1745 1208 sed
1765 1168 1840 1210 stu-

508 1228 638 1281 pendo
668 1228 795 1268 labore
816 1258 827 1277 ‚
871 1228 1081 1268 incredibili
1129 1229 1279 1268 audacia
1300 1261 1312 1280 ‚
1361 1229 1646 1284 multorumque
1697 1229 1839 1285 saepius

508 1290 713 1332 hominum
749 1290 930 1330 interitu:
962 1291 1071 1330 dictis
1101 1291 1290 1331 mensibus
1321 1291 1438 1332 flante
1478 1304 1599 1334 vento
1647 1293 1837 1336 Orientali

510 1356 608 1395 intra
641 1353 800 1393 biduum
833 1351 894 1392 vel
928 1353 1094 1394 triduum
1128 1353 1266 1406 glacies
1302 1364 1325 1393 a
1365 1354 1581 1394 continente
1631 1357 1841 1398 Americae

510 1417 585 1459 huc
620 1417 794 1457 maxima
826 1417 942 1470 copia
973 1415 1167 1457 aduchitur
1187 1448 1200 1468 ‚
1230 1415 1293 1455 vel
1324 1415 1433 1457 citius
1465 1416 1600 1470 glacies
1649 1416 1722 1458 huc
1756 1429 1842 1472 pei·-

511 1481 619 1522 venit
639 1513 650 1531 ,
684 1481 709 1522 si
743 1489 932 1522 autumno
962 1480 1052 1521 inde
1070 1479 1192 1521 ablata
1228 1480 1322 1521 intra
1354 1478 1483 1521 insulas
1514 1480 1554 1520 in
1571 1481 1689 1522 canali
1706 1481 1842 1524 deten-

515 1555 552 1586 ta
586 1544 772 1598 substitit3
808 1543 918 1586 Dum
954 1554 1090 1585 ventus
1120 1544 1218 1596 flat,
1260 1553 1461 1585 venatores
1509 1545 1670 1597 gentiles
1719 1546 1842 1587 vbiuis

514 1609 613 1649 circa
650 1609 732 1648 litus
764 1618 803 1648 et
836 1608 962 1649 insulas
992 1609 1032 1649 in
1051 1607 1262 1650 stramineis
1294 1607 1489 1660 tuguriolis
1505 1609 1680 1649 excubias
1695 1618 1842 1662 agunt,

516 1673 654 1726 glacies
688 1682 789 1714 tanta
822 1675 933 1726 copia
965 1671 1192 1723 aduchitur,
1226 1680 1271 1711 vt
1302 1671 1418 1711 maris
1449 1670 1686 1724 superficiem
1705 1684 1727 1712 a
1756 1673 1843 1714 lito-

517 1748 558 1777 re
591 1736 638 1777 ad
670 1736 812 1790 aliquot
843 1736 1013 1777 milliaria
1047 1744 1242 1789 occupet,
1272 1736 1369 1775 circa
1388 1734 1520 1775 insulas
1535 1735 1730 1775 Kurillicas
1755 1747 1847 1788 pro-

523 1802 764 1840 montorium
799 1799 971 1853 Lapatka
1006 1799 1112 1853 saepe
1150 1811 1241 1839 cum
1290 1798 1404 1851 priori
1455 1797 1569 1837 insula
1617 1798 1846 1852 coniungit,

520 1864 614 1904 dum
634 1863 793 1917 gentiles
809 1864 909 1905 claua
942 1863 1064 1918 lignea
1084 1895 1097 1915 ,
1127 1862 1250 1904 cultro
1278 1861 1445 1912 armati,
1476 1860 1580 1902 solcis
1597 1862 1728 1914 ligneis
1744 1861 1848 1916 lapki

524 1927 634 1967 dictis
668 1928 816 1980 induti,
850 1927 912 1969 vel
943 1926 1040 1979 soli,
1071 1927 1135 1967 vel
1166 1938 1258 1968 cum
1288 1937 1382 1966 cane
1420 1924 1466 1964 ad
1500 1925 1741 1967 venationem
1791 1927 1849 1966 in-

530 1989 654 2029 structi
676 2023 686 2040 ‚
731 2004 752 2031 a
788 1991 893 2031 litore
927 1992 964 2031 in
996 1991 1156 2042 glaciem
1189 1989 1325 2029 abeunt
1345 2020 1357 2038 ,
1389 1998 1478 2039 quus
1509 1987 1704 2029 offendunt
1735 1989 1848 2031 lutra!

528 2052 644 2092 clauis
677 2054 851 2094 occidunt
882 2066 922 2094 ac
958 2051 1237 2106 promptissime
1268 2052 1363 2091 imm
1395 2049 1537 2102 aliquot
1564 2063 1765 2094 momenta
1780 2063 1847 2094 ex-

529 2115 675 2158 coriant
696 2147 708 2168 ‚
747 2118 923 2159 continue
968 2118 1082 2172 pedes
1112 2114 1308 2156 mouendo
1340 2126 1390 2156 nc
1420 2125 1640 2170 mergantur
1657 2149 1669 2170 ,
1720 2125 1850 2165 carnee

1733 2176 1846 2221 relin-
