1971 2700
459 147 541 192 DE
572 144 780 189 BESTIIS
812 144 867 188 M
869 140 1092 192 ARINIS·
1335 157 1362 196 3
1373 156 1395 194 8
1403 163 1426 194 ι

227 260 380 303 Cerebri
410 258 582 301 structura
615 259 746 300 eadem
783 257 836 297 est
868 271 912 299 ac
943 261 981 299 in
1015 256 1152 311 phoca.

230 327 344 382 Quod
374 324 419 364 ad
454 322 528 363 οΠῐι
560 315 723 373 attinet,
753 320 872 362 sceleti
910 320 1201 374 descriptionem
1243 319 1418 373 omittoq'

116 402 202 431 cum
221 388 379 430 sceleton
405 398 534 440 parare
567 394 605 425 et
637 386 790 425 mittere
822 385 977 438 cogito:
1011 384 1052 424 in
1083 394 1218 437 genere
1236 381 1311 423 offa
1338 396 1418 425 ma·-

113 455 189 494 nati
209 485 220 504 ,
263 451 384 491 leonis
402 482 414 501 ‚
455 448 525 489 vrfi
572 449 736 500 marini,
790 448 939 500 phocae
998 456 1036 488 et
1087 447 1202 488 lutrae
1251 448 1423 487 marinae

113 517 211 556 intus
241 515 349 554 omni
381 511 545 553 medulla
578 520 719 551 carent.
787 509 1010 552 Catulorum
1053 511 1128 550 offii
1157 509 1300 550 succida
1344 510 1422 550 sunt

114 577 311 633 praecipue
339 577 464 629 capita
493 586 530 616 et
562 574 759 628 epiphyses
778 606 789 625 ‚
823 574 954 615 offium
974 606 985 626 ,
1019 574 1058 613 in
1092 585 1168 627 quo
1198 586 1220 613 a*
1251 573 1422 615 terrestri>-

113 643 182 683 bus
211 639 422 681 animalibus
455 638 655 692 praecipue
690 637 907 691 discrepant.
970 636 1058 677 Ossa
1110 636 1320 689 phocarum
1384 643 1424 676 et

113 705 292 745 lutrarum
340 702 596 742 foemellarum
630 700 804 740 violaceo
835 701 906 740 leui
938 700 1066 740 colore
1091 701 1283 751 tinguntur
1301 731 1312 750 ,
1349 699 1422 739 0(ss

114 767 173 807 fleu
205 765 390 806 vertebtae
421 764 510 805 colli
544 773 582 804 et
614 763 711 803 dorsi
746 773 822 803 tam
855 763 896 801 in=
926 763 1059 812 leone,
1094 761 1198 812 vrso,
1232 762 1359 814 phoca
1384 771 1423 800 et

114 830 206 871 lutra
253 829 389 869 marina
421 827 556 868 sursum
590 827 625 866 in
655 838 782 866 arcum
824 825 1025 865 eleuantur.

227 891 380 932 Addam
410 890 472 930 hic
506 890 778 930 obseruationes
808 889 984 942 quasdam
1016 887 1202 940 generales
1252 895 1424 929 naturam

112 955 327 998 animalium
359 962 640 995 concernentes.

233 1015 289 1072 1.)
323 1016 466 1058 Omnia
501 1016 678 1058 animalia
707 1016 798 1056 setas
829 1023 892 1056 aut
928 1015 1026 1067 pilos
1076 1014 1262 1056 craffiores
1281 1046 1292 1065 ‚
1338 1015 1428 1067 rigi-

114 1081 236 1120 diores
268 1089 307 1120 et
339 1081 525 1120 breuiores
552 1079 713 1131 aientia,
745 1089 807 1119 aut
840 1079 1041 1118 cuticulam
1074 1079 1183 1118 valde
1233 1078 1384 1117 crustam
1405 1090 1427 1117 e

113 1141 244 1184 tubulis
277 1144 459 1180 concretis
487 1141 718 1185 constantem
737 1171 747 1190 ‚
782 1150 861 1180 tam
898 1139 1079 1188 terrestria
1099 1170 1110 1190 ,
1143 1147 1186 1178 vt
1224 1141 1421 1192 porcinum

111 1214 226 1258 genus
245 1233 256 1252 ‚
308 1201 459 1240 echinus
478 1233 489 1251 ‚
536 1200 655 1240 meles
675 1233 686 1252 ,
736 1202 895 1241 crastum
939 1201 1176 1253 panniculum
1228 1202 1426 1255 adiposum

111 1263 331 1306 immediate
360 1263 436 1303 cuti
468 1262 671 1303 subiectum
693 1294 704 1314 ‚
738 1265 810 1304 cuti
844 1263 1080 1315 firmiffime,
1113 1265 1211 1304 carni
1245 1266 1328 1305 laxe
1363 1269 1426 1306 ad-

107 1327 323 1368 haerentem
357 1326 497 1366 habent
518 1359 529 1378 ,
560 1327 653 1365 inter
688 1328 831 1367 marina
865 1339 950 1367 cum
983 1327 1039 1366 his
1085 1328 1309 1368 conueniunt
1360 1329 1425 1368 ba-

107 1388 210 1430 laena
229 1422 239 1441 ,
271 1401 357 1429 orca
375 1421 385 1440 ‚
420 1390 482 1429 leo
504 1421 514 1440 ,
546 1388 644 1430 vrliis
676 1390 836 1429 marinus
856 1420 867 1441 ,
899 1389 1024 1442 phoca
1043 1422 1053 1440 ‚
1089 1391 1139 1429 ob
1172 1391 1209 1430 id
1244 1392 1344 1443 quod
1363 1391 1426 1432 fri*

114 1464 179 1504 gus
210 1453 501 1492 immoderatum
534 1454 573 1493 in
607 1451 852 1504 frigidioribus
871 1484 881 1502 ,
913 1465 1026 1506 aeque
1060 1465 1101 1492 ac
1137 1453 1274 1493 aestum
1305 1456 1343 1493 in
1363 1468 1426 1494 ca-

111 1511 293 1554 lidioribus
343 1515 556 1568 regionibus
598 1515 729 1555 melius
770 1515 928 1569 perferre
969 1516 1117 1568 poffint.
1182 1517 1422 1558 Panniculum

115 1588 209 1617 vero
242 1579 433 1618 carnosum
463 1577 700 1618 solummodo
730 1581 768 1619 in
801 1579 923 1632 capite
958 1579 1131 1619 obtinent
1151 1612 1161 1629 ‚
1206 1589 1248 1619 vt
1281 1580 1420 1620 homo.

115 1638 199 1680 Huc
232 1639 354 1680 referri
387 1641 521 1682 debent
553 1644 621 1681 tria
654 1654 731 1681 non
761 1643 852 1683 dum
883 1641 1059 1694 descripta
1089 1643 1263 1682 animalia
1308 1645 1424 1684 mari·

116 1715 195 1751 na,
236 1702 359 1754 phoca
407 1705 573 1745 maxima
628 1704 795 1746 Lachtak
815 1738 825 1758 ‚
885 1704 1223 1759 Hippopotamus'
1268 1706 1424 1748 Morsch

118 1763 237 1806 Ruffis
267 1773 302 1803 et
331 1763 482 1817 Bieluga
514 1766 725 1808 Rufforum.

236 1826 294 1881 2.)
326 1826 467 1867 Omnia
500 1829 674 1867 animalia
706 1839 781 1869 tam
817 1831 1021 1882 terrestria,
1054 1843 1165 1883 quam
1198 1832 1338 1872 marina
1362 1833 1426 1886 pi-v

117 1891 194 1931 lum
225 1888 435 1929 molliorem
455 1923 465 1941 ,
489 1890 692 1931 densiorem
728 1903 765 1932 et
798 1892 1009 1945 longiorem
1044 1893 1176 1934 alentia
1195 1926 1205 1945 ‚
1243 1897 1424 1948 pannicu-⁴

116 1954 194 1993 lum
213 1951 407 1992 carnosum
428 1954 644 1993 immediate
664 1956 734 1994 cuti
755 1954 1000 1995 subiacentem
1020 1955 1179 2008 habent,
1200 1968 1317 1998 totum
1337 1972 1417 1999 cor-

119 2029 185 2069 pus
218 2026 276 2054 aut
309 2015 527 2069 pleramque
569 2017 645 2056 eius
685 2027 835 2071 partem
887 2019 1128 2071 obtegentem
1150 2052 1159 2070 ‚
1195 2030 1231 2059 et
1262 2023 1311 2061 ob
1347 2022 1383 2061 id
1407 2055 1416 2073 ‚

115 2080 216 2132 quod
249 2077 332 2134 pilis
362 2079 520 2121 aduersus
558 2078 668 2134 frigus
718 2090 862 2120 tuentur
880 2113 890 2132 ,
941 2083 1177 2137 panniculum
1217 2084 1413 2137 adipofum

670 2141 705 2184 Β
738 2143 760 2185 b
794 2144 815 2185 b
849 2154 875 2193 3
1263 2157 1416 2188 tenuem
