1971 2700
419 185 498 230 DE
530 179 746 227 BESTHS
778 182 1027 228 MARINIS
1327 194 1411 233 :307

236 300 326 340 Vidi
358 299 394 338 in
427 297 594 352 quodam
628 295 776 336 animali
824 295 946 337 chelas
998 294 1064 337 has
1094 296 1133 337 in
1163 295 1250 337 duas
1299 305 1418 350 partes

124 364 227 405 velut
256 362 430 415 vngulam
463 359 641 400 bouillam
673 358 799 400 diuisas
816 392 827 411 ‚
860 358 1009 400 diuisura
1044 370 1169 400 autem
1200 359 1292 400 haec
1326 360 1422 399 rudis

126 428 326 468 admodum
358 432 395 464 et
427 425 465 464 in
496 422 654 463 cuticula
688 422 804 464 saltim
839 432 946 473 erat,
980 421 1060 463 casu
1110 425 1231 477 potius
1250 454 1262 474 ‚
1310 434 1424 476 quam

130 501 274 530 naturae
312 486 480 528 industria
514 485 606 526 faeta
626 518 636 537 ,
671 498 720 526 eo
751 486 892 526 fitcilior
923 498 964 526 ac
995 485 1222 540 posfibilior,
1255 498 1328 540 quo
1346 497 1426 526 ma-

131 554 187 606 gis
216 552 366 592 cuticula
395 549 518 590 chelas
565 549 741 604 obtegens
771 549 822 591 ob
855 549 1066 590 ariditatem
1099 550 1198 591 suam
1232 550 1279 591 ad
1296 548 1431 590 fissuras

130 615 309 669 disposita.

248 676 454 730 Exequitur
484 684 610 716 autem
662 675 785 716 homo
820 676 880 717 hic
912 676 1118 717 Platonicus
1136 709 1147 728 ,
1196 685 1238 716 vt
1286 671 1430 716 Clariis„

133 739 220 782 Ioh.
257 741 354 782 Raio
384 740 496 779 iocari
529 739 668 793 placuit
686 772 696 791 ,
729 739 888 779 brachiis
903 740 960 779 his
992 740 1094 778 varia
1113 740 1240 778 munia
1261 770 1272 788 ,
1302 738 1359 777 his
1375 748 1440 775 na·

139 813 194 844 tut
227 804 339 844 veluti
371 801 638 843 branchialibus
668 803 787 855 pinnis
806 834 817 853 ,
852 802 909 842 his
939 803 1101 855 graditur
1147 802 1186 840 in
1221 798 1360 840 vadoso
1393 798 1438 838 li-

141 876 223 907 tore
253 879 319 906 ceu
350 878 436 906 cum
469 865 651 919 pedibus,
684 865 740 905 his
770 865 896 905 firmat
925 874 963 904 et
996 864 1164 904 continet
1196 862 1230 902 se
1262 863 1359 903 inter
1384 860 1440 901 lu-

144 929 243 970 brica
275 928 356 970 saxa
375 961 386 980 ,
419 928 474 969 his
504 927 597 968 fodit
630 938 669 967 et
701 938 914 968 auerruncat
949 927 1047 967 fucos
1079 938 1117 966 et
1149 926 1320 980 gramina
1359 935 1441 963 ma·

146 993 226 1032 rina
258 1004 278 1031 a
312 991 433 1042 (axis,
466 1000 510 1030 vt
548 1003 658 1043 equus
692 991 842 1042 pedibus
871 990 1140 1040 anterioribus,
1174 989 1230 1028 his
1270 987 1440 1028 innititur

145 1063 184 1094 et
219 1054 434 1094 validiffime
466 1054 622 1102 restitit,
664 1053 754 1092 dum
790 1065 887 1092 vnco
920 1053 1059 1105 petitus
1090 1063 1139 1090 ex
1173 1051 1274 1102 aquis
1305 1050 1344 1089 in
1379 1048 1443 1088 fic-

146 1128 234 1156 cum
266 1116 418 1156 trahitur
451 1116 543 1156 adeo
576 1125 620 1154 vt
651 1115 804 1154 cuticula
839 1115 929 1152 haec
950 1112 1093 1152 brachia
1112 1113 1342 1152 circumdans
1369 1109 1448 1150 fiss‘a

149 1178 290 1218 frustim
324 1178 489 1225 defiliat,
521 1176 679 1226 denique
709 1175 830 1213 oestro
873 1174 1034 1213 libidinis
1073 1175 1212 1227 percita
1272 1171 1446 1214 foemella

148 1239 270 1292 supina
304 1238 341 1276 in
373 1236 482 1276 dorso
500 1246 624 1275 natans
641 1236 958 1288 superuenientem
978 1237 1155 1276 amasium
1175 1236 1232 1277 his
1251 1234 1448 1290 amplexa·

151 1310 210 1341 tur
239 1308 278 1340 et
311 1308 439 1351 tenet,
473 1298 579 1352 seque
613 1298 766 1339 viciffim
799 1300 977 1353 ampleffi
1008 1300 1158 1352 patitur.

266 1362 466 1403 Mammae
498 1363 590 1402 duae
622 1362 660 1400 in
693 1362 844 1414 petitore
877 1363 962 1402 sitae
994 1361 1075 1401 sunt
1108 1371 1251 1414 praeter
1274 1371 1453 1401 normam

155 1425 311 1465 aliorum
345 1424 559 1464 animalium
581 1457 591 1475 ,
625 1436 672 1463 eo
703 1426 848 1476 prorsus
880 1425 966 1464 loco
997 1434 1035 1463 et
1069 1424 1190 1464 forma
1209 1434 1249 1463 vt
1269 1425 1306 1463 in
1328 1423 1456 1463 homi«

158 1499 204 1525 ne
237 1487 295 1527 sub
336 1500 415 1527 vno
455 1499 599 1540 quoque
651 1486 829 1538 brachio,
877 1498 1048 1527 mamma
1096 1499 1170 1526 vna
1203 1487 1240 1526 in
1270 1486 1458 1526 diametro

159 1547 416 1601 sesqui-pedes
448 1550 559 1602 longa
579 1582 589 1601 ,
621 1562 787 1589 conuexa
808 1582 819 1600 ,
848 1550 970 1590 multis
1001 1548 1184 1601 spiralibus
1214 1548 1309 1601 rugis
1349 1559 1459 1600 rugo-

161 1609 193 1649 sa
213 1642 223 1660 ,
253 1611 458 1663 glandulosa
477 1645 487 1664 ,
520 1614 722 1668 praedura,
756 1613 916 1652 vaccinis
946 1613 1071 1652 durior
1090 1644 1100 1663 ,
1131 1612 1265 1664 absque
1296 1609 1371 1650 vlla
1407 1610 1464 1649 in-

165 1674 340 1713 termixta
375 1676 624 1727 pinguedine,
657 1675 877 1728 panniculus¹
911 1685 1036 1715 autem
1086 1673 1284 1728 adiposus,
1336 1682 1462 1712 totum

167 1747 297 1786 corpus
327 1738 517 1786 ambiens,
550 1740 665 1777 solum
701 1738 885 1777 incumbit
917 1738 1069 1777 eaedem
1093 1769 1103 1789 ,
1133 1737 1263 1777 eadem
1295 1747 1364 1787 qua
1397 1734 1466 1773 ali-

169 1797 206 1836 bi
239 1796 391 1836 craffitie
411 1829 420 1846 ,
453 1799 604 1837 cuticula
636 1812 727 1838 veto
762 1800 901 1838 ibidem
933 1801 1107 1849 tenuior,
1142 1799 1322 1846 mollior,
1356 1807 1469 1848 rugo·

171 1859 270 1907 fior,
305 1860 436 1910 papilla
469 1861 606 1912 pariter
638 1860 791 1900 cuticula
831 1862 933 1913 nigra
964 1862 1002 1901 in
1037 1862 1172 1900 orbem
1203 1859 1328 1913 rugosa
1350 1891 1362 1910 ,
1410 1857 1468 1897 sed

175 1920 281 1960 molli
313 1921 566 1972 circumdata,
601 1922 662 1961 sub
697 1921 777 1975 ipso
821 1922 974 1963 brachio
1023 1923 1079 1962 seu
1125 1922 1236 1963 axilla
1285 1922 1471 1972 xtrimque

176 1983 333 2035 pendet,
358 1984 469 2032 acjn
501 1983 712 2024 laetantibus
746 1999 787 2033 4.
820 1986 969 2037 pollices
1000 1986 1109 2038 longa
1141 1985 1252 2038 sesqui
1285 1983 1413 2032 craffa,
1434 1983 1472 2023 in

178 2046 318 2097 reliquis
351 2055 472 2086 autem
494 2079 505 2096 ,
538 2047 599 2100 qui
631 2046 857 2086 abl-aerarum
897 2057 958 2087 aut
992 2060 1066 2087 non
1099 2049 1191 2088 dum
1233 2053 1473 2100 pepererunt,

181 2108 231 2148 ita
263 2108 467 2149 contractae
500 2110 596 2150 intro
625 2118 664 2149 et
693 2110 816 2150 breues
862 2108 970 2163 sunt,
1017 2120 1061 2150 vt
1096 2110 1306 2151 verruculae
1357 2107 1476 2147 saltim

733 2173 784 2228 Q
806 2185 829 2225 q
866 2184 889 2209 2
1310 2171 1477 2212 fortuitae
