1971 2700
557 216 648 264 ³60
893 190 986 258 'DE
1019 211 1247 258 BESTHS
1279 209 1557 258 Mammas,

725 326 1050 408 Descriptio
1115 322 1328 385 Bestiae
1401 324 1692 394 marinae,

667 449 876 502 Dampiero
891 447 963 488 Leo
973 449 1138 488 marimo
1149 480 1159 499 ,
1171 436 1426 499 &eeossssme
1436 480 1450 505 Ι
1472 445 1631 488 Kurillis
1641 479 1650 498 ,
1662 445 1700 487 K
1702 439 1882 500 amtscba-

547 512 645 555 dalis
663 518 699 551 et
719 511 842 563 Ruffis
875 511 1052 554 Kurillico
1070 514 1208 553 nomine
1239 511 1456 555 Siwutscha
1474 512 1617 553 'dictam
1673 511 1883 566 chriptus

547 580 585 619 in
604 572 718 629 infida
752 576 920 631 Beringii
951 577 988 618 d.
1024 588 1098 616 20.
1133 577 1229 619 Iunii
1267 587 1399 628 1742.

667 673 840 715 Abstinui
874 673 922 714 de
956 673 1127 714 industria
1161 687 1183 714 a
1216 674 1363 728 prolixa
1395 672 1641 729 descriptione
1676 672 1782 714 huius
1815 671 1882 713 be-

549 740 635 780 stiae
655 772 665 791 ,
700 739 752 779 ob
786 739 821 778 id
843 771 853 790 ,
887 738 987 790 quod
1021 749 1178 778 externa
1214 738 1363 790 ibrma,
1400 739 1564 792 partium
1602 737 1666 778 vsu
1720 746 1759 777 et
1789 735 1880 776 stru-

550 803 652 844 &ura
675 835 685 854 ,
721 802 859 856 pariter
891 815 934 843 ac
969 802 1115 842 interna
1139 801 1323 844 viscerum
1344 803 1610 843 constitutione
1631 835 1640 854 ,
1664 814 1731 856 per
1749 800 1882 841 omnia

546 865 797 908 exactisssime
831 879 918 906 cum
960 865 1044 904 νηὶ)
1077 867 1228 906 marino
1262 867 1455 908 coincidit.
1523 865 1620 908 Satis
1662 866 1773 919 igitur
1812 877 1882 920 pu-

547 940 588 970 to
613 964 623 983 ‚
659 930 684 971 si
718 929 941 970 differentias
972 939 1176 982 externas,
1213 930 1408 985 vnicuiquc
1443 932 1574 986 primo
1594 931 1715 971 statim
1746 930 1881 970 intuitu

546 995 677 1037 obuias
695 1027 705 1045 ,
740 994 965 1034 indicauero.

665 1058 835 1098 Pondere
868 1057 1025 1112 duplum
1060 1058 1226 1111 pendet:
1261 1058 1423 1099 maximi
1458 1070 1577 1099 mares
1615 1061 1688 1105 36.
1723 1058 1768 1098 ad
1803 1068 1879 1108 40.

546 1121 624 1176 pud
678 1119 825 1162 Ruffica
866 1121 926 1160 vel
967 1124 1098 1159 1600.
1133 1122 1241 1161 libras
1292 1123 1472 1175 pendent.
1533 1121 1798 1176 Magnitudine
1830 1121 1885 1162 bis

547 1185 613 1225 vel
648 1184 842 1225 maximos
874 1194 912 1224 ct
946 1182 1047 1223 senio
1079 1183 1272 1224 confec'tos
1323 1185 1425 1224 vrsos
1475 1188 1644 1225 marinos
1695 1186 1877 1238 superant.

547 1247 772 1290 Foemcllae
806 1249 968 1287 maribus
1001 1248 1186 1287 breuiores
1216 1259 1255 1288 et
1287 1248 1500 1301 graciliores
1524 1247 1604 1289 sunt
1624 1281 1634 1299 ,
1653 1248 1783 1302 glabm
1799 1248 1879 1290 col·

546 1311 587 1353 10
619 1313 806 1352 donantur
826 1343 836 1360 ,
888 1310 1013 1363 rigidis
1052 1319 1092 1349 et
1123 1308 1247 1362 crispis
1280 1311 1394 1363 pilis,
1427 1313 1558 1364 quibus
1593 1325 1675 1352 mas
1708 1313 1880 1366 gaudet,

545 1376 689 1416 ibidem
728 1374 1002 1426 destituuntur,
1036 1374 1087 1414 ita
1120 1383 1158 1414 et
1190 1373 1303 1414 catuli
1333 1385 1459 1414 recens
1492 1375 1572 1414 nati
1626 1375 1711 1427 plus
1763 1376 1881 1430 duplo

544 1441 705 1481 maiores
737 1438 816 1479 sunt
850 1437 1020 1480 vrsorum
1055 1438 1196 1479 catulis.

662 1505 792 1545 Altera
827 1504 957 1557 potior
990 1501 1198 1544 differentia
1229 1514 1252 1543 e
1272 1501 1440 1557 pilorum
1492 1500 1621 1541 colore
1670 1500 1878 1547 enascitur:

544 1569 640 1609 cutis
671 1577 891 1620 comparate
911 1567 1077 1608 multum
1106 1566 1278 1619 craffior,
1311 1566 1436 1621 rigidis
1453 1565 1570 1606 densis
1589 1565 1673 1619 pilis
1694 1566 1846 1609 vestitur
1864 1601 1876 1622 ,

543 1632 709 1686 pilorum
737 1631 848 1672 color
867 1631 1066 1683 mffiisest,
1102 1642 1145 1671 vt
1179 1642 1400 1682 vaccarum,
1437 1629 1473 1670 in
1507 1628 1650 1670 senibus
1683 1631 1878 1685 pallidior,

543 1695 581 1736 in
616 1696 817 1737 iunioribus
835 1696 1031 1748 intensior,
1053 1697 1090 1734 in
1110 1695 1293 1736 foemellis
1313 1694 1500 1746 viuidior,
1520 1704 1563 1734 vt
1580 1693 1689 1733 color
1703 1694 1846 1736 ochme
1863 1728 1876 1749 ,

541 1760 652 1801 catuli
690 1760 942 1802 castanearum
977 1760 1106 1801 colore
1126 1759 1339 1800 inficiuntur
1358 1792 1369 1812 ‚
1403 1759 1559 1813 quidam
1590 1758 1656 1798 vix
1674 1770 1752 1798 non
1788 1759 1871 1801 fusti

541 1823 616 1865 dici
650 1834 856 1865 merentur.

659 1886 783 1942 Caput
835 1897 1054 1943 comparate
1097 1887 1218 1930 maius
1267 1900 1381 1943 quam
1417 1888 1454 1928 in
1488 1886 1602 1937 vrso,
1659 1885 1760 1929 nasus
1800 1899 1873 1929 ex·

546 1952 760 2003 pon-ccum
795 1963 833 1993 ct
866 1953 1001 1994 (ursum
1038 1965 1241 2007 parumper
1275 1961 1471 2002 curuatuS,
1505 1951 1631 1991 dentes
1673 1963 1870 2007 praegran-

543 2015 607 2053 des
627 2046 636 2064 ,
688 2016 897 2072 quadruplo
947 2017 1136 2069 longiores
1169 2027 1207 2056 et
1240 2016 1415 2065 latiores,
1467 2027 1628 2056 numero
1666 2027 1703 2057 ct
1737 2015 1869 2057 ordine

542 2080 768 2117 conueniunt
803 2093 889 2119 cnm
926 2079 997 2120 vrsi
1030 2079 1165 2118 marini
1215 2079 1399 2118 dentibus.
1483 2078 1593 2120 Oculi
1653 2078 1869 2133 ampliflimi

542 2140 767 2181 canthorum
804 2144 1000 2184 oculorum
1037 2142 1228 2181 maiorum
1272 2142 1489 2182 carunculae
1524 2143 1632 2183 valde
1665 2153 1868 2193 extantes,

544 2201 740 2245 Cinnabris
770 2207 900 2248 colore
934 2205 1119 2256 infestae,
1156 2207 1257 2245 vnde
1292 2207 1458 2247 multum
1494 2207 1698 2248 viuidiorcs
1739 2206 1868 2247 viden-

1809 2280 1867 2310 tur
