<?xml version="1.0" encoding="UTF-8"?>
<!DOCTYPE html PUBLIC "-//W3C//DTD XHTML 1.0 Transitional//EN"
    "http://www.w3.org/TR/xhtml1/DTD/xhtml1-transitional.dtd">
<html xmlns="http://www.w3.org/1999/xhtml" xml:lang="en" lang="en">
 <head>
  <title>
</title>
<meta http-equiv="Content-Type" content="text/html;charset=utf-8" />
  <meta name='ocr-system' content='tesseract 3.04.00' />
  <meta name='ocr-capabilities' content='ocr_page ocr_carea ocr_par ocr_line ocrx_word'/>
</head>
<body>
  <div class='ocr_page' id='page_1' title='image "./novicommentariac02impe_0376.png"; bbox 0 0 1971 2700; ppageno 0'>
   <div class='ocr_carea' id='block_1_1' title="bbox 464 225 1486 286">
    <p class='ocr_par' dir='ltr' id='par_1_1' title="bbox 464 225 1486 286">
     <span class='ocr_line' id='line_1_1' title="bbox 464 225 1486 286; baseline -0.007 -9"><span class='ocrx_word' id='word_1_1' title='bbox 464 242 585 286; x_wconf 70' lang='lat'>‘340</span> <span class='ocrx_word' id='word_1_2' title='bbox 842 229 927 275; x_wconf 89' lang='lat' dir='ltr'>DE</span> <span class='ocrx_word' id='word_1_3' title='bbox 959 228 1179 275; x_wconf 84' lang='lat' dir='ltr'><strong><em>BESTIIS</em></strong></span> <span class='ocrx_word' id='word_1_4' title='bbox 1211 225 1486 274; x_wconf 83' lang='lat' dir='ltr'><em>MARINIS.</em></span> 
     </span>
    </p>
   </div>
   <div class='ocr_carea' id='block_1_2' title="bbox 493 342 1834 2061">
    <p class='ocr_par' dir='ltr' id='par_1_2' title="bbox 493 342 1834 2061">
     <span class='ocr_line' id='line_1_2' title="bbox 493 342 1820 397; baseline -0.008 -8"><span class='ocrx_word' id='word_1_5' title='bbox 493 347 555 388; x_wconf 64' lang='lat' dir='ltr'>vel</span> <span class='ocrx_word' id='word_1_6' title='bbox 587 345 720 389; x_wconf 84' lang='lat' dir='ltr'>subrufi</span> <span class='ocrx_word' id='word_1_7' title='bbox 753 359 833 387; x_wconf 87' lang='lat' dir='ltr'>non</span> <span class='ocrx_word' id='word_1_8' title='bbox 867 345 963 387; x_wconf 85' lang='lat' dir='ltr'>nihil</span> <span class='ocrx_word' id='word_1_9' title='bbox 995 346 1132 386; x_wconf 85' lang='lat' dir='ltr'>coloris</span> <span class='ocrx_word' id='word_1_10' title='bbox 1160 344 1210 385; x_wconf 83' lang='lat' dir='ltr'>cst</span> <span class='ocrx_word' id='word_1_11' title='bbox 1229 377 1240 396; x_wconf 90' lang='lat'>,</span> <span class='ocrx_word' id='word_1_12' title='bbox 1285 355 1328 385; x_wconf 75' lang='lat' dir='ltr'>vt</span> <span class='ocrx_word' id='word_1_13' title='bbox 1370 343 1507 397; x_wconf 81' lang='lat' dir='ltr'>lanugo</span> <span class='ocrx_word' id='word_1_14' title='bbox 1549 352 1709 397; x_wconf 79' lang='lat' dir='ltr'>capreae</span> <span class='ocrx_word' id='word_1_15' title='bbox 1745 342 1820 386; x_wconf 73' lang='lat' dir='ltr'>Pli-</span> 
     </span>
     <span class='ocr_line' id='line_1_3' title="bbox 495 407 1815 464; baseline -0.004 -11"><span class='ocrx_word' id='word_1_16' title='bbox 495 413 560 452; x_wconf 87' lang='lat' dir='ltr'><strong>nii.</strong></span> <span class='ocrx_word' id='word_1_17' title='bbox 632 412 701 453; x_wconf 86' lang='lat' dir='ltr'>Pili</span> <span class='ocrx_word' id='word_1_18' title='bbox 736 413 930 464; x_wconf 74' lang='lat' dir='ltr'>longiores</span> <span class='ocrx_word' id='word_1_19' title='bbox 971 410 1134 450; x_wconf 78' lang='lat' dir='ltr'>maribus</span> <span class='ocrx_word' id='word_1_20' title='bbox 1174 409 1371 450; x_wconf 70' lang='lat' dir='ltr'>senioribus</span> <span class='ocrx_word' id='word_1_21' title='bbox 1421 410 1517 448; x_wconf 87' lang='lat' dir='ltr'>circa</span> <span class='ocrx_word' id='word_1_22' title='bbox 1569 407 1741 457; x_wconf 76' lang='lat' dir='ltr'>collum,</span> <span class='ocrx_word' id='word_1_23' title='bbox 1774 420 1815 448; x_wconf 68' lang='grc' dir='ltr'>α.</span> 
     </span>
     <span class='ocr_line' id='line_1_4' title="bbox 496 471 1819 530; baseline -0.003 -14"><span class='ocrx_word' id='word_1_24' title='bbox 496 477 652 530; x_wconf 71' lang='lat' dir='ltr'>pollices</span> <span class='ocrx_word' id='word_1_25' title='bbox 683 475 783 527; x_wconf 84' lang='lat' dir='ltr'>longi</span> <span class='ocrx_word' id='word_1_26' title='bbox 806 507 816 525; x_wconf 89' lang='lat'>‚</span> <span class='ocrx_word' id='word_1_27' title='bbox 850 473 965 513; x_wconf 61' lang='lat' dir='ltr'>erecti</span> <span class='ocrx_word' id='word_1_28' title='bbox 1000 486 1042 513; x_wconf 90' lang='lat' dir='ltr'>ac</span> <span class='ocrx_word' id='word_1_29' title='bbox 1078 474 1217 526; x_wconf 84' lang='lat' dir='ltr'>rigidi,</span> <span class='ocrx_word' id='word_1_30' title='bbox 1251 474 1340 514; x_wconf 87' lang='lat' dir='ltr'>hinc</span> <span class='ocrx_word' id='word_1_31' title='bbox 1372 473 1511 514; x_wconf 83' lang='lat' dir='ltr'>animal</span> <span class='ocrx_word' id='word_1_32' title='bbox 1552 472 1588 511; x_wconf 89' lang='lat' dir='ltr'>in</span> <span class='ocrx_word' id='word_1_33' title='bbox 1617 471 1713 511; x_wconf 80' lang='lat' dir='ltr'>sicco</span> <span class='ocrx_word' id='word_1_34' title='bbox 1751 471 1819 512; x_wconf 76' lang='lat' dir='ltr'>de-</span> 
     </span>
     <span class='ocr_line' id='line_1_5' title="bbox 494 534 1834 592; baseline -0.001 -14"><span class='ocrx_word' id='word_1_35' title='bbox 494 551 585 592; x_wconf 86' lang='lat' dir='ltr'>gens</span> <span class='ocrx_word' id='word_1_36' title='bbox 617 539 782 579; x_wconf 86' lang='lat' dir='ltr'>multum</span> <span class='ocrx_word' id='word_1_37' title='bbox 815 536 961 577; x_wconf 76' lang='lat' dir='ltr'>craiiius</span> <span class='ocrx_word' id='word_1_38' title='bbox 996 538 1176 588; x_wconf 76' lang='lat' dir='ltr'>videtur,</span> <span class='ocrx_word' id='word_1_39' title='bbox 1207 550 1320 591; x_wconf 84' lang='lat' dir='ltr'>quam</span> <span class='ocrx_word' id='word_1_40' title='bbox 1357 538 1394 578; x_wconf 89' lang='lat' dir='ltr'>in</span> <span class='ocrx_word' id='word_1_41' title='bbox 1427 538 1558 590; x_wconf 55' lang='lat' dir='ltr'>aquia,</span> <span class='ocrx_word' id='word_1_42' title='bbox 1609 546 1698 575; x_wconf 89' lang='lat' dir='ltr'>cum</span> <span class='ocrx_word' id='word_1_43' title='bbox 1752 534 1834 589; x_wconf 78' lang='lat' dir='ltr'>pili.</span> 
     </span>
     <span class='ocr_line' id='line_1_6' title="bbox 496 598 1819 655; baseline -0.002 -13"><span class='ocrx_word' id='word_1_44' title='bbox 496 601 641 643; x_wconf 80' lang='lat' dir='ltr'>madidi</span> <span class='ocrx_word' id='word_1_45' title='bbox 674 603 782 652; x_wconf 76' lang='lat' dir='ltr'>lunt,</span> <span class='ocrx_word' id='word_1_46' title='bbox 817 611 855 640; x_wconf 88' lang='lat' dir='ltr'>et</span> <span class='ocrx_word' id='word_1_47' title='bbox 887 602 1041 653; x_wconf 85' lang='lat' dir='ltr'>corpori</span> <span class='ocrx_word' id='word_1_48' title='bbox 1074 603 1370 655; x_wconf 80' lang='lat' dir='ltr'>apprimuntur:</span> <span class='ocrx_word' id='word_1_49' title='bbox 1406 602 1472 655; x_wconf 89' lang='lat' dir='ltr'>pili</span> <span class='ocrx_word' id='word_1_50' title='bbox 1507 601 1544 640; x_wconf 82' lang='lat' dir='ltr'>hi</span> <span class='ocrx_word' id='word_1_51' title='bbox 1580 598 1727 653; x_wconf 77' lang='lat' dir='ltr'>iniiipcr</span> <span class='ocrx_word' id='word_1_52' title='bbox 1763 599 1819 639; x_wconf 91' lang='lat' dir='ltr'>ni-</span> 
     </span>
     <span class='ocr_line' id='line_1_7' title="bbox 495 663 1821 720; baseline 0 -16"><span class='ocrx_word' id='word_1_53' title='bbox 495 666 554 720; x_wconf 87' lang='lat' dir='ltr'>gri</span> <span class='ocrx_word' id='word_1_54' title='bbox 590 665 700 718; x_wconf 77' lang='lat' dir='ltr'>sum,</span> <span class='ocrx_word' id='word_1_55' title='bbox 733 666 855 718; x_wconf 82' lang='lat' dir='ltr'>apices</span> <span class='ocrx_word' id='word_1_56' title='bbox 889 677 983 705; x_wconf 79' lang='lat' dir='ltr'>vero</span> <span class='ocrx_word' id='word_1_57' title='bbox 1019 667 1058 706; x_wconf 89' lang='lat' dir='ltr'>in</span> <span class='ocrx_word' id='word_1_58' title='bbox 1091 666 1200 706; x_wconf 68' lang='lat' dir='ltr'>valde</span> <span class='ocrx_word' id='word_1_59' title='bbox 1232 664 1377 706; x_wconf 82' lang='lat' dir='ltr'>senibus</span> <span class='ocrx_word' id='word_1_60' title='bbox 1409 665 1630 715; x_wconf 68' lang='lat' dir='ltr'>cancii-unt,</span> <span class='ocrx_word' id='word_1_61' title='bbox 1668 665 1706 704; x_wconf 92' lang='lat' dir='ltr'>in</span> <span class='ocrx_word' id='word_1_62' title='bbox 1739 663 1821 704; x_wconf 83' lang='lat' dir='ltr'>soe·</span> 
     </span>
     <span class='ocr_line' id='line_1_8' title="bbox 496 727 1822 785; baseline -0.002 -15"><span class='ocrx_word' id='word_1_63' title='bbox 496 729 620 771; x_wconf 82' lang='lat' dir='ltr'>mellis</span> <span class='ocrx_word' id='word_1_64' title='bbox 668 730 809 770; x_wconf 86' lang='lat' dir='ltr'>cinerei</span> <span class='ocrx_word' id='word_1_65' title='bbox 859 729 970 781; x_wconf 86' lang='lat' dir='ltr'>sunt,</span> <span class='ocrx_word' id='word_1_66' title='bbox 1023 731 1061 770; x_wconf 90' lang='lat' dir='ltr'>in</span> <span class='ocrx_word' id='word_1_67' title='bbox 1114 729 1242 770; x_wconf 82' lang='lat' dir='ltr'>multis</span> <span class='ocrx_word' id='word_1_68' title='bbox 1291 730 1357 785; x_wconf 86' lang='lat' dir='ltr'>pili</span> <span class='ocrx_word' id='word_1_69' title='bbox 1400 741 1537 770; x_wconf 87' lang='lat' dir='ltr'>omnes</span> <span class='ocrx_word' id='word_1_70' title='bbox 1579 728 1717 782; x_wconf 80' lang='lat' dir='ltr'>partim</span> <span class='ocrx_word' id='word_1_71' title='bbox 1766 727 1822 768; x_wconf 89' lang='lat' dir='ltr'>ci·</span> 
     </span>
     <span class='ocr_line' id='line_1_9' title="bbox 497 789 1820 848; baseline -0.001 -15"><span class='ocrx_word' id='word_1_72' title='bbox 497 795 630 846; x_wconf 84' lang='lat' dir='ltr'>nerei,</span> <span class='ocrx_word' id='word_1_73' title='bbox 667 794 808 848; x_wconf 84' lang='lat' dir='ltr'>partim</span> <span class='ocrx_word' id='word_1_74' title='bbox 852 793 984 834; x_wconf 77' lang='lat' dir='ltr'>iubrufi</span> <span class='ocrx_word' id='word_1_75' title='bbox 1035 793 1127 834; x_wconf 89' lang='lat' dir='ltr'>sunt.</span> <span class='ocrx_word' id='word_1_76' title='bbox 1194 793 1259 834; x_wconf 92' lang='lat' dir='ltr'>Ob</span> <span class='ocrx_word' id='word_1_77' title='bbox 1310 794 1408 834; x_wconf 81' lang='lat' dir='ltr'>hanc</span> <span class='ocrx_word' id='word_1_78' title='bbox 1461 795 1630 848; x_wconf 87' lang='lat' dir='ltr'>pilorum</span> <span class='ocrx_word' id='word_1_79' title='bbox 1674 789 1820 833; x_wconf 86' lang='lat' dir='ltr'>crassiti-</span> 
     </span>
     <span class='ocr_line' id='line_1_10' title="bbox 496 855 1823 912; baseline -0.002 -14"><span class='ocrx_word' id='word_1_80' title='bbox 496 871 562 898; x_wconf 87' lang='lat' dir='ltr'>em</span> <span class='ocrx_word' id='word_1_81' title='bbox 633 870 674 898; x_wconf 85' lang='lat' dir='ltr'>ac</span> <span class='ocrx_word' id='word_1_82' title='bbox 727 858 955 911; x_wconf 81' lang='lat' dir='ltr'>rigiditatem</span> <span class='ocrx_word' id='word_1_83' title='bbox 977 891 987 909; x_wconf 90' lang='lat'>,</span> <span class='ocrx_word' id='word_1_84' title='bbox 1048 871 1092 898; x_wconf 89' lang='lat' dir='ltr'>ac</span> <span class='ocrx_word' id='word_1_85' title='bbox 1153 860 1245 898; x_wconf 87' lang='lat' dir='ltr'>cutis</span> <span class='ocrx_word' id='word_1_86' title='bbox 1305 859 1453 912; x_wconf 81' lang='lat' dir='ltr'>pondus</span> <span class='ocrx_word' id='word_1_87' title='bbox 1474 889 1485 907; x_wconf 89' lang='lat'><strong>‚</strong></span> <span class='ocrx_word' id='word_1_88' title='bbox 1546 857 1660 910; x_wconf 85' lang='lat' dir='ltr'>pelles</span> <span class='ocrx_word' id='word_1_89' title='bbox 1718 855 1823 910; x_wconf 85' lang='lat' dir='ltr'>parui</span> 
     </span>
     <span class='ocr_line' id='line_1_11' title="bbox 495 920 1826 976; baseline -0.002 -14"><span class='ocrx_word' id='word_1_90' title='bbox 495 921 738 976; x_wconf 88' lang='lat' dir='ltr'>penduntur,</span> <span class='ocrx_word' id='word_1_91' title='bbox 773 934 841 960; x_wconf 79' lang='lat' dir='ltr'>nec</span> <span class='ocrx_word' id='word_1_92' title='bbox 878 923 913 960; x_wconf 85' lang='lat' dir='ltr'>in</span> <span class='ocrx_word' id='word_1_93' title='bbox 944 921 1093 961; x_wconf 79' lang='lat' dir='ltr'>cenliim</span> <span class='ocrx_word' id='word_1_94' title='bbox 1128 923 1285 961; x_wconf 69' lang='lat' dir='ltr'>veniunt</span> <span class='ocrx_word' id='word_1_95' title='bbox 1305 955 1315 974; x_wconf 81' lang='lat'>‚</span> <span class='ocrx_word' id='word_1_96' title='bbox 1348 922 1407 962; x_wconf 84' lang='lat' dir='ltr'>sed</span> <span class='ocrx_word' id='word_1_97' title='bbox 1440 921 1667 962; x_wconf 77' lang='lat' dir='ltr'>obducendis</span> <span class='ocrx_word' id='word_1_98' title='bbox 1700 920 1826 971; x_wconf 81' lang='lat' dir='ltr'>cistis,</span> 
     </span>
     <span class='ocr_line' id='line_1_12' title="bbox 494 983 1824 1039; baseline -0.002 -14"><span class='ocrx_word' id='word_1_99' title='bbox 494 995 540 1026; x_wconf 79' lang='lat' dir='ltr'>vt</span> <span class='ocrx_word' id='word_1_100' title='bbox 578 985 792 1039; x_wconf 79' lang='lat' dir='ltr'>phocarum</span> <span class='ocrx_word' id='word_1_101' title='bbox 830 984 974 1038; x_wconf 84' lang='lat' dir='ltr'>pelles,</span> <span class='ocrx_word' id='word_1_102' title='bbox 1007 985 1240 1025; x_wconf 81' lang='lat' dir='ltr'>adhibentur.</span> <span class='ocrx_word' id='word_1_103' title='bbox 1307 985 1352 1026; x_wconf 88' lang='lat' dir='ltr'>ln</span> <span class='ocrx_word' id='word_1_104' title='bbox 1386 987 1490 1026; x_wconf 87' lang='lat' dir='ltr'>terris</span> <span class='ocrx_word' id='word_1_105' title='bbox 1539 983 1824 1027; x_wconf 82' lang='lat' dir='ltr'>Kamtschaticis</span> 
     </span>
     <span class='ocr_line' id='line_1_13' title="bbox 497 1047 1821 1103; baseline -0.002 -13"><span class='ocrx_word' id='word_1_106' title='bbox 497 1062 518 1090; x_wconf 91' lang='lat' dir='ltr'>a</span> <span class='ocrx_word' id='word_1_107' title='bbox 537 1049 740 1103; x_wconf 86' lang='lat' dir='ltr'>gentilibus</span> <span class='ocrx_word' id='word_1_108' title='bbox 772 1047 877 1088; x_wconf 84' lang='lat' dir='ltr'>soleis</span> <span class='ocrx_word' id='word_1_109' title='bbox 909 1049 979 1089; x_wconf 82' lang='lat' dir='ltr'>illis</span> <span class='ocrx_word' id='word_1_110' title='bbox 998 1048 1285 1102; x_wconf 68' lang='lat' dir='ltr'>praegrandibus</span> <span class='ocrx_word' id='word_1_111' title='bbox 1302 1050 1452 1103; x_wconf 81' lang='lat' dir='ltr'>ligneis,</span> <span class='ocrx_word' id='word_1_112' title='bbox 1471 1051 1599 1103; x_wconf 89' lang='lat' dir='ltr'>quibus</span> <span class='ocrx_word' id='word_1_113' title='bbox 1632 1049 1740 1102; x_wconf 89' lang='lat' dir='ltr'>snper</span> <span class='ocrx_word' id='word_1_114' title='bbox 1767 1048 1821 1088; x_wconf 86' lang='lat' dir='ltr'>ni-</span> 
     </span>
     <span class='ocr_line' id='line_1_14' title="bbox 495 1110 1825 1166; baseline 0 -14"><span class='ocrx_word' id='word_1_115' title='bbox 495 1125 585 1154; x_wconf 69' lang='lat' dir='ltr'>vem</span> <span class='ocrx_word' id='word_1_116' title='bbox 621 1113 764 1163; x_wconf 78' lang='lat' dir='ltr'>hyeme</span> <span class='ocrx_word' id='word_1_117' title='bbox 799 1114 1008 1164; x_wconf 81' lang='lat' dir='ltr'>incedunt,</span> <span class='ocrx_word' id='word_1_118' title='bbox 1043 1112 1290 1154; x_wconf 76' lang='lat' dir='ltr'>iubiiciuntur.</span> <span class='ocrx_word' id='word_1_119' title='bbox 1357 1110 1443 1153; x_wconf 85' lang='lat' dir='ltr'>Cui.</span> <span class='ocrx_word' id='word_1_120' title='bbox 1463 1113 1540 1153; x_wconf 76' lang='lat' dir='ltr'>viiii</span> <span class='ocrx_word' id='word_1_121' title='bbox 1574 1114 1626 1153; x_wconf 91' lang='lat' dir='ltr'>ob</span> <span class='ocrx_word' id='word_1_122' title='bbox 1661 1111 1825 1166; x_wconf 78' lang='lat' dir='ltr'>pilorum</span> 
     </span>
     <span class='ocr_line' id='line_1_15' title="bbox 496 1173 1826 1229; baseline 0 -14"><span class='ocrx_word' id='word_1_123' title='bbox 496 1176 714 1229; x_wconf 82' lang='lat' dir='ltr'>glabritiem</span> <span class='ocrx_word' id='word_1_124' title='bbox 748 1185 786 1214; x_wconf 83' lang='lat' dir='ltr'>et</span> <span class='ocrx_word' id='word_1_125' title='bbox 818 1176 1040 1216; x_wconf 77' lang='lat' dir='ltr'>deuiitattm</span> <span class='ocrx_word' id='word_1_126' title='bbox 1062 1177 1097 1214; x_wconf 87' lang='lat' dir='ltr'>in</span> <span class='ocrx_word' id='word_1_127' title='bbox 1133 1177 1268 1228; x_wconf 87' lang='lat' dir='ltr'>plano,</span> <span class='ocrx_word' id='word_1_128' title='bbox 1295 1190 1337 1216; x_wconf 82' lang='lat' dir='ltr'>ac</span> <span class='ocrx_word' id='word_1_129' title='bbox 1370 1177 1598 1228; x_wconf 78' lang='lat' dir='ltr'>rigiditatem</span> <span class='ocrx_word' id='word_1_130' title='bbox 1635 1178 1674 1217; x_wconf 92' lang='lat' dir='ltr'>in</span> <span class='ocrx_word' id='word_1_131' title='bbox 1707 1173 1826 1216; x_wconf 78' lang='lat' dir='ltr'>ascen·</span> 
     </span>
     <span class='ocr_line' id='line_1_16' title="bbox 496 1238 1830 1280; baseline 0.001 -1"><span class='ocrx_word' id='word_1_132' title='bbox 496 1239 531 1279; x_wconf 77' lang='lat' dir='ltr'>iii</span> <span class='ocrx_word' id='word_1_133' title='bbox 565 1239 758 1279; x_wconf 86' lang='lat' dir='ltr'>montium</span> <span class='ocrx_word' id='word_1_134' title='bbox 807 1238 1217 1279; x_wconf 81' lang='lat' dir='ltr'>accommodatissimae</span> <span class='ocrx_word' id='word_1_135' title='bbox 1252 1239 1343 1279; x_wconf 86' lang='lat' dir='ltr'>suut.</span> <span class='ocrx_word' id='word_1_136' title='bbox 1411 1239 1557 1280; x_wconf 84' lang='lat' dir='ltr'>Rustici</span> <span class='ocrx_word' id='word_1_137' title='bbox 1607 1241 1645 1278; x_wconf 91' lang='lat' dir='ltr'>in</span> <span class='ocrx_word' id='word_1_138' title='bbox 1693 1239 1830 1280; x_wconf 83' lang='lat' dir='ltr'>Sibiria</span> 
     </span>
     <span class='ocr_line' id='line_1_17' title="bbox 495 1302 1831 1356; baseline 0.001 -14"><span class='ocrx_word' id='word_1_139' title='bbox 495 1302 668 1343; x_wconf 82' lang='lat' dir='ltr'>fimbrias</span> <span class='ocrx_word' id='word_1_140' title='bbox 699 1303 934 1354; x_wconf 85' lang='lat' dir='ltr'>pelliciorum</span> <span class='ocrx_word' id='word_1_141' title='bbox 969 1303 1029 1342; x_wconf 87' lang='lat' dir='ltr'>his</span> <span class='ocrx_word' id='word_1_142' title='bbox 1058 1303 1248 1342; x_wconf 87' lang='lat' dir='ltr'>obducunt</span> <span class='ocrx_word' id='word_1_143' title='bbox 1267 1335 1279 1354; x_wconf 87' lang='lat'>,</span> <span class='ocrx_word' id='word_1_144' title='bbox 1313 1314 1442 1343; x_wconf 86' lang='lat' dir='ltr'>recens</span> <span class='ocrx_word' id='word_1_145' title='bbox 1474 1304 1549 1343; x_wconf 85' lang='lat' dir='ltr'>nati</span> <span class='ocrx_word' id='word_1_146' title='bbox 1581 1313 1711 1343; x_wconf 90' lang='lat' dir='ltr'>autem</span> <span class='ocrx_word' id='word_1_147' title='bbox 1746 1303 1831 1356; x_wconf 88' lang='lat' dir='ltr'>pilo</span> 
     </span>
     <span class='ocr_line' id='line_1_18' title="bbox 497 1365 1828 1419; baseline 0 -13"><span class='ocrx_word' id='word_1_148' title='bbox 497 1366 666 1406; x_wconf 88' lang='lat' dir='ltr'>molliori</span> <span class='ocrx_word' id='word_1_149' title='bbox 699 1366 774 1406; x_wconf 89' lang='lat' dir='ltr'>cuti</span> <span class='ocrx_word' id='word_1_150' title='bbox 808 1365 979 1418; x_wconf 80' lang='lat' dir='ltr'>appresso</span> <span class='ocrx_word' id='word_1_151' title='bbox 1027 1367 1209 1406; x_wconf 68' lang='lat' dir='ltr'>atenimo</span> <span class='ocrx_word' id='word_1_152' title='bbox 1240 1376 1280 1406; x_wconf 88' lang='lat' dir='ltr'>et</span> <span class='ocrx_word' id='word_1_153' title='bbox 1314 1379 1402 1419; x_wconf 77' lang='lat' dir='ltr'>pme</span> <span class='ocrx_word' id='word_1_154' title='bbox 1436 1366 1588 1418; x_wconf 87' lang='lat' dir='ltr'>nigrore</span> <span class='ocrx_word' id='word_1_155' title='bbox 1636 1367 1828 1419; x_wconf 82' lang='lat' dir='ltr'>splenden-</span> 
     </span>
     <span class='ocr_line' id='line_1_19' title="bbox 499 1429 1830 1483; baseline 0 -14"><span class='ocrx_word' id='word_1_156' title='bbox 499 1440 536 1469; x_wconf 88' lang='lat' dir='ltr'>te</span> <span class='ocrx_word' id='word_1_157' title='bbox 570 1431 771 1470; x_wconf 83' lang='lat' dir='ltr'>donantur.</span> <span class='ocrx_word' id='word_1_158' title='bbox 818 1429 854 1469; x_wconf 82' lang='lat' dir='ltr'>E</span> <span class='ocrx_word' id='word_1_159' title='bbox 887 1429 1077 1469; x_wconf 84' lang='lat' dir='ltr'>ventribus</span> <span class='ocrx_word' id='word_1_160' title='bbox 1111 1439 1277 1470; x_wconf 84' lang='lat' dir='ltr'>matrum</span> <span class='ocrx_word' id='word_1_161' title='bbox 1315 1429 1599 1483; x_wconf 73' lang='lat' dir='ltr'>praegnantium</span> <span class='ocrx_word' id='word_1_162' title='bbox 1619 1430 1830 1469; x_wconf 75' lang='lat' dir='ltr'>exciionim</span> 
     </span>
     <span class='ocr_line' id='line_1_20' title="bbox 498 1492 1832 1547; baseline -0.001 -14"><span class='ocrx_word' id='word_1_163' title='bbox 498 1493 768 1534; x_wconf 74' lang='lat' dir='ltr'>infantulorum</span> <span class='ocrx_word' id='word_1_164' title='bbox 841 1493 955 1546; x_wconf 83' lang='lat' dir='ltr'>pelles</span> <span class='ocrx_word' id='word_1_165' title='bbox 1031 1492 1263 1547; x_wconf 79' lang='lat' dir='ltr'>W&#39;iporotki</span> <span class='ocrx_word' id='word_1_166' title='bbox 1333 1506 1354 1534; x_wconf 83' lang='lat' dir='ltr'>a</span> <span class='ocrx_word' id='word_1_167' title='bbox 1407 1492 1526 1534; x_wconf 80' lang='lat' dir='ltr'>Ruffis</span> <span class='ocrx_word' id='word_1_168' title='bbox 1586 1492 1678 1532; x_wconf 69' lang='lat' dir='ltr'>disti</span> <span class='ocrx_word' id='word_1_169' title='bbox 1711 1523 1722 1542; x_wconf 84' lang='lat'>,</span> <span class='ocrx_word' id='word_1_170' title='bbox 1776 1492 1832 1533; x_wconf 87' lang='lat' dir='ltr'>his</span> 
     </span>
     <span class='ocr_line' id='line_1_21' title="bbox 500 1557 1831 1610; baseline -0.001 -12"><span class='ocrx_word' id='word_1_171' title='bbox 500 1558 762 1610; x_wconf 81' lang='lat' dir='ltr'>pulchriores,</span> <span class='ocrx_word' id='word_1_172' title='bbox 823 1559 933 1598; x_wconf 72' lang='lat' dir='ltr'>valde</span> <span class='ocrx_word' id='word_1_173' title='bbox 1005 1557 1280 1608; x_wconf 81' lang='lat' dir='ltr'>aestimantur,</span> <span class='ocrx_word' id='word_1_174' title='bbox 1348 1559 1514 1610; x_wconf 84' lang='lat' dir='ltr'>integrae</span> <span class='ocrx_word' id='word_1_175' title='bbox 1581 1557 1701 1597; x_wconf 74' lang='lat' dir='ltr'>vestes</span> <span class='ocrx_word' id='word_1_176' title='bbox 1777 1567 1831 1597; x_wconf 85' lang='lat' dir='ltr'>ex</span> 
     </span>
     <span class='ocr_line' id='line_1_22' title="bbox 497 1618 1833 1675; baseline -0.001 -14"><span class='ocrx_word' id='word_1_177' title='bbox 497 1622 571 1661; x_wconf 81' lang='lat' dir='ltr'>inis</span> <span class='ocrx_word' id='word_1_178' title='bbox 603 1621 825 1661; x_wconf 83' lang='lat' dir='ltr'>consuuntur</span> <span class='ocrx_word' id='word_1_179' title='bbox 847 1652 858 1671; x_wconf 86' lang='lat'>,</span> <span class='ocrx_word' id='word_1_180' title='bbox 894 1622 983 1662; x_wconf 74' lang='lat' dir='ltr'>liiuc</span> <span class='ocrx_word' id='word_1_181' title='bbox 1018 1632 1057 1661; x_wconf 85' lang='lat' dir='ltr'>et</span> <span class='ocrx_word' id='word_1_182' title='bbox 1092 1624 1258 1675; x_wconf 89' lang='lat' dir='ltr'>pretium</span> <span class='ocrx_word' id='word_1_183' title='bbox 1296 1620 1430 1662; x_wconf 88' lang='lat' dir='ltr'>harum</span> <span class='ocrx_word' id='word_1_184' title='bbox 1471 1622 1506 1660; x_wconf 90' lang='lat' dir='ltr'>in</span> <span class='ocrx_word' id='word_1_185' title='bbox 1551 1621 1632 1661; x_wconf 84' lang='lat' dir='ltr'>dies</span> <span class='ocrx_word' id='word_1_186' title='bbox 1672 1618 1833 1673; x_wconf 84' lang='lat' dir='ltr'>crescit,</span> 
     </span>
     <span class='ocr_line' id='line_1_23' title="bbox 498 1684 1832 1739; baseline -0.001 -13"><span class='ocrx_word' id='word_1_187' title='bbox 498 1697 564 1726; x_wconf 87' lang='lat' dir='ltr'>me</span> <span class='ocrx_word' id='word_1_188' title='bbox 610 1697 744 1737; x_wconf 83' lang='lat'>1740.</span> <span class='ocrx_word' id='word_1_189' title='bbox 799 1687 977 1725; x_wconf 82' lang='lat' dir='ltr'>veniente</span> <span class='ocrx_word' id='word_1_190' title='bbox 1031 1686 1193 1739; x_wconf 76' lang='lat' dir='ltr'>singulae</span> <span class='ocrx_word' id='word_1_191' title='bbox 1243 1686 1468 1726; x_wconf 82' lang='lat' dir='ltr'>emebantur</span> <span class='ocrx_word' id='word_1_192' title='bbox 1522 1696 1593 1734; x_wconf 63' lang='grc' dir='ltr'>ας.</span> <span class='ocrx_word' id='word_1_193' title='bbox 1650 1684 1832 1735; x_wconf 83' lang='lat' dir='ltr'>hastulis,</span> 
     </span>
     <span class='ocr_line' id='line_1_24' title="bbox 497 1749 1832 1801; baseline -0.001 -12"><span class='ocrx_word' id='word_1_194' title='bbox 497 1761 586 1790; x_wconf 85' lang='lat' dir='ltr'>cum</span> <span class='ocrx_word' id='word_1_195' title='bbox 621 1762 716 1790; x_wconf 77' lang='lat' dir='ltr'>vcro</span> <span class='ocrx_word' id='word_1_196' title='bbox 758 1763 889 1800; x_wconf 84' lang='lat'>1742.</span> <span class='ocrx_word' id='word_1_197' title='bbox 926 1751 973 1790; x_wconf 83' lang='lat' dir='ltr'>ab</span> <span class='ocrx_word' id='word_1_198' title='bbox 1008 1750 1139 1790; x_wconf 86' lang='lat' dir='ltr'>itincre</span> <span class='ocrx_word' id='word_1_199' title='bbox 1173 1761 1376 1790; x_wconf 85' lang='lat' dir='ltr'>reuertercr</span> <span class='ocrx_word' id='word_1_200' title='bbox 1416 1749 1725 1791; x_wconf 61' lang='lat' dir='ltr'>ambustulatum</span> <span class='ocrx_word' id='word_1_201' title='bbox 1747 1760 1832 1801; x_wconf 90' lang='lat' dir='ltr'>pre-</span> 
     </span>
     <span class='ocr_line' id='line_1_25' title="bbox 500 1811 1828 1868; baseline 0.002 -16"><span class='ocrx_word' id='word_1_202' title='bbox 500 1814 556 1854; x_wconf 86' lang='lat' dir='ltr'>tio</span> <span class='ocrx_word' id='word_1_203' title='bbox 593 1814 847 1854; x_wconf 80' lang='lat' dir='ltr'>vendebantur</span> <span class='ocrx_word' id='word_1_204' title='bbox 869 1848 879 1866; x_wconf 83' lang='lat'>‚</span> <span class='ocrx_word' id='word_1_205' title='bbox 912 1815 1128 1854; x_wconf 81' lang='lat' dir='ltr'>adultorum</span> <span class='ocrx_word' id='word_1_206' title='bbox 1163 1815 1280 1868; x_wconf 86' lang='lat' dir='ltr'>peiles</span> <span class='ocrx_word' id='word_1_207' title='bbox 1312 1815 1473 1854; x_wconf 90' lang='lat' dir='ltr'>dimidio</span> <span class='ocrx_word' id='word_1_208' title='bbox 1505 1814 1566 1854; x_wconf 79' lang='lat' dir='ltr'>vei</span> <span class='ocrx_word' id='word_1_209' title='bbox 1600 1825 1679 1853; x_wconf 85' lang='lat' dir='ltr'>vno</span> <span class='ocrx_word' id='word_1_210' title='bbox 1711 1811 1828 1854; x_wconf 83' lang='lat' dir='ltr'>rubei-</span> 
     </span>
     <span class='ocr_line' id='line_1_26' title="bbox 499 1876 1829 1932; baseline 0.001 -15"><span class='ocrx_word' id='word_1_211' title='bbox 499 1877 538 1917; x_wconf 88' lang='lat' dir='ltr'>lo</span> <span class='ocrx_word' id='word_1_212' title='bbox 570 1878 754 1918; x_wconf 80' lang='lat' dir='ltr'>constant.</span> <span class='ocrx_word' id='word_1_213' title='bbox 811 1878 940 1919; x_wconf 81' lang='lat' dir='ltr'>Paraui</span> <span class='ocrx_word' id='word_1_214' title='bbox 976 1879 1012 1918; x_wconf 91' lang='lat' dir='ltr'>in</span> <span class='ocrx_word' id='word_1_215' title='bbox 1048 1878 1157 1920; x_wconf 90' lang='lat' dir='ltr'>insula</span> <span class='ocrx_word' id='word_1_216' title='bbox 1190 1877 1357 1932; x_wconf 80' lang='lat' dir='ltr'>Beringii</span> <span class='ocrx_word' id='word_1_217' title='bbox 1378 1878 1474 1919; x_wconf 84' lang='lat' dir='ltr'>meis</span> <span class='ocrx_word' id='word_1_218' title='bbox 1492 1877 1664 1919; x_wconf 85' lang='lat' dir='ltr'>manibus</span> <span class='ocrx_word' id='word_1_219' title='bbox 1683 1876 1829 1918; x_wconf 82' lang='lat' dir='ltr'>vestem</span> 
     </span>
     <span class='ocr_line' id='line_1_27' title="bbox 500 1942 1828 1997; baseline 0.003 -18"><span class='ocrx_word' id='word_1_220' title='bbox 500 1953 521 1979; x_wconf 90' lang='lat' dir='ltr'>e</span> <span class='ocrx_word' id='word_1_221' title='bbox 553 1942 710 1992; x_wconf 83' lang='lat' dir='ltr'>pellibus</span> <span class='ocrx_word' id='word_1_222' title='bbox 743 1954 870 1983; x_wconf 86' lang='lat' dir='ltr'>recens</span> <span class='ocrx_word' id='word_1_223' title='bbox 901 1952 1075 1984; x_wconf 86' lang='lat' dir='ltr'>natomm</span> <span class='ocrx_word' id='word_1_224' title='bbox 1116 1952 1291 1986; x_wconf 84' lang='lat' dir='ltr'>catorum</span> <span class='ocrx_word' id='word_1_225' title='bbox 1311 1974 1325 1997; x_wconf 86' lang='lat'><em>,</em></span> <span class='ocrx_word' id='word_1_226' title='bbox 1376 1952 1560 1997; x_wconf 61' lang='lat' dir='ltr'>amque,</span> <span class='ocrx_word' id='word_1_227' title='bbox 1618 1943 1828 1983; x_wconf 74' lang='lat' dir='ltr'>memoriae</span> 
     </span>
     <span class='ocr_line' id='line_1_28' title="bbox 499 2005 1190 2061; baseline 0.004 -18"><span class='ocrx_word' id='word_1_228' title='bbox 499 2015 620 2055; x_wconf 81' lang='lat' dir='ltr'>ergo,</span> <span class='ocrx_word' id='word_1_229' title='bbox 653 2005 746 2046; x_wconf 85' lang='lat' dir='ltr'>serus</span> <span class='ocrx_word' id='word_1_230' title='bbox 781 2019 934 2048; x_wconf 88' lang='lat' dir='ltr'>mecum</span> <span class='ocrx_word' id='word_1_231' title='bbox 967 2005 1190 2061; x_wconf 82' lang='lat' dir='ltr'>apportabo.</span> 
     </span>
    </p>
   </div>
   <div class='ocr_carea' id='block_1_3' title="bbox 1720 2257 1823 2302">
    <p class='ocr_par' dir='ltr' id='par_1_3' title="bbox 1720 2257 1823 2302">
     <span class='ocr_line' id='line_1_29' title="bbox 1720 2257 1823 2302; baseline -0.01 0"><span class='ocrx_word' id='word_1_232' title='bbox 1720 2257 1823 2302; x_wconf 78' lang='lat' dir='ltr'>DE-</span> 
     </span>
    </p>
   </div>
  </div>
 </body>
</html>
