1971 2700
498 206 582 244 132
619 190 812 240 ANEM.
831 190 1027 236 SVMM.
1048 186 1251 236 CELER.
1272 185 1494 234 thVsV.
1523 187 1809 236 VENTIET

491 309 618 350 stione
652 310 752 350 moti
785 307 878 348 acris
910 317 1142 360 congruente
1162 338 1173 358 ‚
1208 304 1355 359 angusta
1397 302 1539 359 capsula
1570 304 1613 346 N
1633 306 1674 347 N
1729 307 1810 362 spe-

492 373 609 414 ‹St-‚ibit
645 386 730 413 cam
753 405 763 423 ,
796 371 898 412 vnde
933 382 1066 410 ventus
1097 368 1238 424 spirat,
1273 370 1424 422 plagim
1445 402 1456 421 ,
1477 381 1572 422 quae
1621 369 1720 410 illico
1759 383 1809 412 ex

495 436 660 477 subiecto
693 435 838 476 amulio
872 433 1111 486 innotelcet3
1150 431 1192 487 2)
1227 433 1329 474 Rota
1367 433 1460 473 alata
1492 434 1530 474 A
1567 442 1684 473 vento
1722 447 1808 474 mo-

494 510 530 539 ta
551 531 561 549 ,
596 510 694 539 rotas
728 499 756 538 F
791 507 829 538 et
864 496 910 536 Μ
930 529 941 548 ,
976 497 1020 537 ad
1064 496 1334 537 inuolutionem
1374 496 1519 537 funiculi
1555 495 1649 552 plt
1699 506 1812 538 retar-

493 563 658 602 dandum
690 570 925 614 comparatas
943 592 954 611 ‚
987 560 1161 600 moucbit
1192 560 1301 601 fimul
1332 574 1419 601 cum
1453 573 1525 601 axe
1538 568 1566 616 p
1586 592 1598 612 ,
1625 572 1701 614 ope
1717 560 1815 601 dicti

495 624 647 665 funiculi
707 634 832 664 rotam
887 623 924 664 H
1007 624 1046 663 in
1096 622 1241 677 capsula
1289 623 1331 666 N
1359 624 1432 676 N,
1479 625 1816 665 circumuoluente.

495 688 590 744 Quo
624 687 689 728 fiet
709 720 720 740 ‚
739 697 780 727 vt
814 700 888 741 pro
914 686 1051 728 diuersa
1084 687 1291 741 quintitate
1323 688 1413 729 aeris
1431 687 1665 742 praeterlapsi
1690 689 1818 728 diuer-

494 752 550 792 sus
601 762 750 805 quoque
811 763 983 793 numerus
1030 752 1210 804 graduum
1259 754 1364 805 supra
1414 753 1578 794 indicem
1618 764 1643 792 n
1688 751 1815 792 ascem-

495 816 575 856 det.
644 815 723 856 Hac
755 816 898 855 ratione
922 846 933 866 ,
982 814 1131 855 absente
1179 813 1414 856 obsematore
1439 849 1451 868 ‚
1502 818 1622 857 notari
1675 816 1816 870 poterit

494 878 642 920 summa
673 878 907 919 celeritatum
939 878 1043 919 venti
1074 878 1277 918 cuiuslibet.
1343 870 1522 920 Absoluta
1555 880 1644 921 scala
1663 881 1701 919 in
1728 879 1818 920 lim-

495 942 550 984 bo
584 953 692 982 rotae
725 941 761 980 Η
795 940 974 995 descripta
995 974 1006 993 ,
1036 941 1239 982 deducatur
1268 942 1382 983 elater
1411 957 1434 984 e
1465 943 1628 985 fiiniculo
1648 954 1651 957 ·
1672 951 1702 999 p
1720 953 1745 997 q
1762 954 1786 983 r
1804 976 1817 995 ,

497 1000 542 1046 vt'
574 1015 655 1046 rota
690 1004 736 1046 M
778 1016 867 1045 cum
918 1016 990 1045 axe
1016 1011 1046 1058 p
1079 1005 1226 1044 moueri
1275 1004 1387 1058 poffit
1437 1016 1543 1047 extra
1593 1006 1819 1048 contactum

498 1069 673 1123 tympani
708 1068 768 1123 ὸς
813 1078 851 1109 et
884 1078 967 1109 rota
1001 1067 1039 1108 H
1073 1068 1331 1108 reuoluaturin
1348 1078 1436 1109 eum
1462 1069 1649 1121 situm,in
1666 1081 1744 1123 quo
1763 1070 1821 1109 in-

499 1133 575 1173 dex
607 1145 630 1172 n
665 1133 826 1174 ostendit
859 1133 974 1173 rursus
1015 1132 1054 1171 in
1096 1131 1188 1171 scala
1223 1131 1372 1171 initium
1405 1132 1519 1184 primi
1552 1133 1715 1187 gradus3
1742 1142 1823 1173 mn-

499 1196 587 1237 dem
623 1208 718 1236 vero
751 1195 930 1235 funiculus
958 1196 1202 1247 remittatur3
1237 1207 1313 1248 quo
1342 1193 1444 1234 facto
1463 1227 1473 1245 ,
1524 1204 1606 1235 rota
1645 1196 1692 1237 M
1731 1208 1824 1237 cum

502 1269 691 1314 tympano
723 1257 751 1300 h
784 1260 822 1299 in
856 1257 1029 1300 contactu
1062 1257 1183 1312 posita
1230 1258 1277 1298 ab
1295 1269 1344 1298 eo
1383 1258 1501 1299 rursus
1541 1260 1682 1299 moueri
1714 1269 1825 1312 pote-

502 1325 564 1364 rit.
638 1323 684 1379 3)
718 1321 890 1376 Spimnte
921 1331 1062 1371 vento,
1097 1332 1135 1360 et
1169 1331 1249 1361 rota
1268 1321 1305 1361 H
1324 1333 1373 1361 ex
1406 1334 1430 1361 u
1461 1320 1582 1361 versus
1598 1335 1632 1374 y
1666 1333 1819 1374 vergen-

502 1396 539 1427 te
557 1418 568 1438 ,
602 1388 836 1441 deprimetur
867 1386 997 1427 lumen
1015 1398 1050 1437 y
1083 1384 1160 1424 tubi
1195 1397 1218 1424 u
1221 1398 1254 1437 y
1273 1417 1284 1435 ,
1338 1397 1473 1439 perque
1522 1384 1561 1424 id
1613 1383 1824 1425 Mercurius

500 1461 549 1489 ex
584 1451 677 1490 tubo
706 1452 745 1490 in
777 1449 962 1505 capsulam
994 1447 1184 1502 angustam
1220 1447 1262 1489 N
1282 1448 1322 1490 N
1346 1481 1357 1500 ,
1389 1459 1428 1489 et
1462 1460 1512 1489 ex
1547 1447 1606 1488 illa
1640 1447 1824 1501 persora-

502 1525 594 1554 men
627 1514 650 1555 k
682 1513 818 1554 defluet
852 1514 890 1554 in
921 1511 1050 1555 amufii
1085 1511 1248 1553 loculum
1267 1545 1277 1564 ,
1311 1513 1374 1566 qui
1393 1510 1630 1566 respondebit
1647 1511 1792 1564 regioni
1811 1545 1825 1565 ,

503 1577 603 1616 vnde
638 1587 768 1617 ventus
799 1577 924 1630 spirat.
989 1576 1042 1617 Et
1081 1585 1201 1615 vento
1250 1578 1415 1616 variante
1434 1609 1444 1627 ,
1497 1574 1706 1616 Mercurius
1754 1586 1824 1629 pro

504 1640 652 1680 ratione
687 1639 930 1693 depressionis
981 1638 1127 1679 luminis
1145 1652 1178 1690 y
1209 1638 1337 1679 effluet
1358 1639 1396 1678 in
1415 1639 1554 1679 loculos
1585 1638 1747 1690 amulii,
1766 1651 1828 1679 re-

504 1702 678 1755 gionibus
699 1734 709 1749 ,
746 1703 844 1743 vnde
875 1711 1008 1742 ventus
1041 1701 1226 1742 variabilis
1257 1701 1408 1756 spirabit
1427 1736 1437 1754 ,
1475 1701 1823 1756 correspondentes.

503 1763 612 1807 Scala
637 1765 796 1807 absoluta
814 1775 853 1806 et
871 1766 1059 1807 mercurio
1086 1765 1124 1804 in
1150 1766 1280 1806 tubulo
1308 1767 1464 1806 iamiam
1499 1766 1698 1807 deficiente
1718 1799 1728 1817 ,
1758 1765 1828 1807 fiat

503 1839 609 1871 rotae
642 1830 679 1869 H
711 1830 895 1870 reuolutio
925 1829 1048 1870 modo
1084 1827 1246 1882 superius
1288 1829 1518 1884 praescripto
1535 1863 1545 1881 ,
1599 1838 1637 1870 et
1686 1829 1830 1869 tubulus

503 1905 526 1932 u
549 1905 581 1945 y
617 1905 693 1947 ope
724 1889 993 1934 conuenientis'
1015 1892 1232 1933 infundibuli
1265 1894 1466 1947 impleatur
1494 1894 1621 1932 denuo
1671 1891 1827 1932 Mercu-

507 1957 564 1995 rio
595 1967 632 1996 et
667 1956 836 1997 brumen
871 1957 905 1998 K
938 1956 1064 1997 statim
1096 1957 1297 1996 obturetur.
1364 1956 1427 1996 Ex
1462 1955 1591 1994 loculis
1608 1954 1737 1995 amulii
1756 1955 1825 1996 sin-

506 2019 600 2072 gulis
658 2019 864 2060 Mercurius
928 2019 1076 2058 seorsim
1144 2017 1350 2057 effundatur
1404 2030 1471 2070 per
1520 2018 1720 2070 epistomia
1767 2031 1824 2072 z,

509 2082 547 2121 in
569 2081 734 2121 tubulum
753 2082 916 2121 eiusdem
937 2081 1088 2121 luminis
1104 2091 1191 2120 cum
1228 2081 1359 2120 tubnlo
1388 2095 1410 2122 u
1414 2095 1468 2133 y,
1501 2090 1538 2120 ct
1558 2094 1625 2134 per
1642 2080 1826 2123 diuersam

510 2144 747 2186 altitudinem
785 2144 965 2187 Mercurii
996 2144 1035 2184 in
1069 2143 1237 2198 aequales
1268 2145 1400 2200 gnidus
1434 2144 1672 2187 destributam
1692 2178 1703 2198 ,
1757 2158 1823 2186 no-

1730 2217 1828 2250 tetur
