1971 2700
355 135 615 180 ECLIPSES
647 135 724 178 LV
725 135 802 178 Ml
807 136 846 178 N
849 131 994 180 ARlV
995 135 1061 177 M.
1309 145 1397 186 443

91 258 232 290 notum
264 251 310 292 ad
340 248 587 289 oscillationes
621 248 810 301 horologii
841 258 990 288 motum
1026 246 1144 287 stellae
1175 247 1400 300 exprimen-

90 321 147 352 tes
164 345 175 364 ,
209 314 334 353 eidem
366 311 554 363 transitui,
590 312 649 351 vel
680 311 781 351 disco
813 311 944 351 Lunae
981 310 1240 363 respondentes
1257 311 1396 364 quaesi-

97 384 164 415 tas.
248 375 361 434 Quod
406 380 491 414 erat
534 377 691 428 primum
763 375 836 414 Pm
892 372 950 412 2⁰¹⁰
1025 384 1150 413 autem
1205 384 1245 413 ct
1295 371 1366 424 3¹5⁰
1383 405 1396 425 ,

91 438 135 478 fit
167 441 316 479 circulus
346 439 470 476 maior
499 449 586 477 cum
623 439 729 477 lineis
762 438 943 491 parallelis
976 436 1104 476 interse
1135 439 1239 477 etad
1258 436 1397 478 lineam

92 499 133 542 G
151 500 184 542 C
214 500 565 555 perpendicularibus
595 514 748 554 campus
779 503 857 541 tubi
888 513 977 540 cum
1008 500 1192 540 sistemate
1242 501 1425 553 capium,
1481 540 1505 572 6

90 576 175 605 rum
195 594 206 614 ‚
240 565 318 612 §8.
352 563 536 615 descripto
555 595 567 613 ‚
598 566 636 605 in
655 577 703 604 eo
721 564 788 604 fitu
819 563 989 617 respectu
1020 563 1142 615 coeli,
1177 564 1240 617 qui
1270 564 1308 603 in
1327 544 1458 604 ob-ffig'
1503 565 1515 578 '

92 627 293 668 seruatione
331 631 395 665 Ima
429 627 520 679 §phi
554 628 801 668 antecedentis
833 628 1085 679 requirebatur
1104 659 1115 675 ,
1168 625 1244 667 hoc
1275 628 1328 668 est
1358 628 1398 668 in

90 689 159 730 situ
187 690 307 744 capilli
338 687 375 730 G
398 688 431 729 C
464 690 508 729 ad
543 691 713 730 diurnum
747 689 874 729 Lunae
890 689 1070 743 parallelo
1091 719 1102 740 ‚
1136 689 1291 730 circulus
1317 691 1399 731 mi-

88 765 159 792 nor
197 752 300 794 Luna
349 753 487 807 plena,
539 766 630 806 quae
649 785 661 804 ,
716 754 885 805 margine
916 751 979 791 suo
1026 752 1198 790 inferiore
1229 754 1267 792 in
1299 753 1396 793 linea

89 811 128 854 G
152 814 186 856 C
217 817 488 870 progrediendo
506 848 517 866 ,
550 819 742 868 contingat
774 816 898 856 limbo
931 814 1167 854 antecedente
1215 814 1395 868 capillum

90 878 169 919 tubi
223 880 403 920 vltimum
454 877 549 919 BD
580 879 622 919 in
657 879 703 920 M
726 911 738 930 ,
796 879 922 932 prouti
953 878 994 917 in
1027 877 1285 917 obseruatione
1332 878 1396 918 illa

92 946 161 980 1¹⁶⁶
191 944 394 996 requiritur-
461 943 515 984 Et
545 943 686 983 eodem
719 951 924 982 momento
944 974 956 992 ,
1007 952 1084 994 quo
1117 939 1291 993 appulsus
1330 941 1396 981 hic

86 1004 286 1046 celebratur
304 1039 315 1058 ,
350 1016 511 1059 ponatur
544 1006 639 1047 stella
680 1005 810 1046 tubum
859 1005 988 1059 postea
1037 1004 1231 1056 ingressura
1264 1004 1302 1043 in
1335 1002 1362 1044 S
1381 1037 1393 1056 ,

85 1067 134 1107 ab
166 1080 281 1121 eaque
313 1081 382 1121 per
415 1081 597 1122 campum
632 1069 709 1109 tubi
743 1068 898 1108 ducatur
941 1069 1039 1108 linea
1071 1065 1097 1106 S
1115 1079 1141 1106 a
1174 1066 1394 1120 parallelum

87 1130 208 1170 stellae
240 1131 490 1183 representans
508 1164 519 1182 ,
558 1145 626 1184 per
656 1143 770 1184 quam
801 1131 902 1171 stella
949 1128 1162 1170 incedendo
1193 1128 1242 1167 ad
1274 1127 1393 1182 capil-

84 1192 165 1233 lum
197 1193 272 1233 tubi
303 1193 564 1245 parallelorum
598 1195 767 1246 primum
800 1193 839 1232 H
861 1193 890 1232 F
919 1190 1085 1245 appellat
1117 1191 1154 1229 in
1188 1203 1234 1242 e,
1269 1192 1316 1231 ad
1341 1191 1394 1232 se-

83 1256 248 1295 cundum
279 1255 394 1307 priori
425 1254 644 1307 parallelum
679 1255 717 1295 A
737 1254 773 1294 E
807 1255 846 1294 in
868 1255 926 1312 f,
959 1265 996 1295 et
1027 1254 1071 1294 ad
1105 1254 1255 1293 tertium
1292 1254 1391 1295 obli·

83 1330 198 1370 quum
232 1318 269 1357 in
302 1331 341 1358 a.
409 1318 480 1358 His
510 1319 638 1370 pofitis
677 1318 896 1358 demittatur
925 1329 947 1358 a
979 1326 1113 1357 centro
1143 1315 1270 1357 Lunae
1298 1317 1390 1359 Lin

83 1380 298 1433 parallelum
332 1381 450 1420 stellae
482 1379 508 1420 S
527 1395 553 1421 a
588 1381 895 1435 perpendicularis
924 1380 959 1422 L
977 1381 1032 1433 d,
1065 1388 1106 1420 et
1137 1380 1205 1420 erit
1222 1392 1264 1420 ea
1283 1381 1392 1422 difle-

85 1445 204 1483 tentia
237 1444 564 1498 declinationum3
604 1446 700 1485 linea
731 1454 857 1485 autern
891 1445 920 1485 d
936 1443 962 1485 S
1014 1444 1110 1484 inter
1141 1445 1391 1497 perpendicu-

84 1505 200 1545 larem
235 1506 336 1546 illam
355 1539 367 1558 ,
399 1516 435 1546 et
469 1507 610 1547 stellam
642 1507 668 1548 S
700 1508 902 1561 intercepta
921 1508 1018 1560 ,erit
1034 1506 1240 1547 differentia
1267 1507 1390 1548 ascen-

84 1567 232 1608 slonlm
265 1570 448 1610 rectarum
479 1569 609 1611 Lunae
639 1580 678 1611 et
710 1570 826 1611 stellae
859 1581 1034 1625 tempore
1065 1570 1262 1611 contactus
1279 1571 1390 1614 limbi

86 1629 214 1670 Lunae
247 1631 290 1672 M
322 1646 408 1673 cum
441 1633 578 1686 capillo
611 1632 646 1687 B
675 1633 720 1674 D
753 1633 990 1686 obtinentes,
1020 1645 1106 1687 quas
1137 1645 1187 1673 ex
1214 1634 1390 1676 obserua-

87 1694 247 1733 tionibus
276 1696 377 1748 §pho
409 1697 647 1737 antecedente
689 1696 886 1750 institutis,
917 1699 954 1738 in
987 1698 1151 1752 partibus
1181 1699 1391 1751 aequalibus

88 1758 268 1809 temporis
301 1759 345 1797 ad
378 1768 525 1796 motum
561 1760 686 1799 stellae
724 1759 845 1798 relatis
896 1760 971 1800 hoc
1005 1763 1093 1800 loco
1141 1763 1394 1801 determinare

89 1819 192 1858 volo.
255 1820 364 1860 Hunc
406 1819 565 1860 infinem
616 1830 745 1874 agatur
783 1827 846 1859 ι”ῑο
877 1834 946 1875 per·
994 1822 1174 1877 punitum
1205 1837 1260 1874 a,
1295 1824 1392 1863 linea

83 1894 114 1921 a
137 1894 170 1933 g
203 1883 367 1934 parallel-„1
418 1883 533 1922 lineae
575 1881 612 1924 G
637 1883 703 1933 C,
754 1893 796 1924 et
827 1885 991 1926 orientur
1031 1886 1117 1925 inde
1159 1887 1236 1926 duo
1278 1888 1389 1926 trian-

88 1945 172 1996 gula
193 1945 225 1999 f
251 1944 268 1984 l
295 1958 348 1996 a,
380 1956 419 1985 et
450 1958 510 1997 eg
531 1959 557 1986 a
588 1948 801 2000 redhmgula
831 1958 871 1987 et
903 1948 1031 1989 firnilia
1052 1961 1120 2001 per
1144 1950 1391 1990 constructio-

84 2018 173 2046 nem
194 2039 204 2058 ,
240 2009 276 2047 in
310 2009 433 2060 quibus
464 2017 532 2061 per
562 2009 860 2050 obseruationem
893 2013 1058 2065 primam
1108 2013 1197 2065 §phi
1241 2024 1389 2053 antece-

87 2069 202 2110 dentis
233 2071 361 2113 dantur
391 2072 510 2113 lineae
543 2085 568 2115 a
585 2072 644 2130 f,
675 2072 771 2128 ets
793 2085 842 2125 e,
874 2083 1049 2132 tempora
1078 2087 1216 2131 nempe
1263 2077 1391 2117 transi-

642 2135 682 2177 K
712 2135 739 2178 k
767 2135 794 2178 k
831 2148 855 2175 2
1281 2148 1389 2179 tuum
