1971 2700
1092 208 1255 259 (24)

500 333 653 389 viique:
700 331 738 373 in
780 330 860 372 aliis
892 326 1007 384 plane
1041 339 1063 368 a
1097 326 1229 370 Recto
1262 332 1419 379 apparet
1452 321 1645 364 distinctus
1675 333 1712 365 et
1745 325 1844 365 inter

511 398 547 440 se
580 403 716 438 iterum
751 395 943 445 diuersus,
977 391 1178 433 musculus.
1244 389 1386 432 Narrat
1428 388 1498 429 hac
1532 387 1730 428 occasione
1761 391 1843 431 Au-

515 463 634 514 stor,
676 461 742 502 sibi
774 461 857 510 bis,
891 456 1220 512 praemonstrante
1265 451 1326 495 Cl.
1362 451 1408 493 B.
1445 451 1485 493 S.
1521 451 1700 504 Albino,
1736 462 1843 495 nota-

513 536 597 568 tam
632 524 786 567 musculi
821 523 937 565 Recti
971 520 1189 562 abdominis
1221 531 1291 572 per
1319 517 1451 572 pestus
1486 517 1849 570 continuationem,

517 591 577 631 vti
619 589 781 630 ludentis
821 587 900 628 hoc
942 595 1095 625 naturae
1135 581 1367 636 exemplum
1403 581 1634 636 Praeceptor
1667 582 1744 622 eius
1778 593 1847 636 po-

514 655 591 695 stea
627 654 666 693 in
699 651 798 694 Hist.
832 650 991 693 Muscul.
1036 648 1159 689 Hom.
1203 645 1312 688 Libr.
1348 644 1422 687 111.
1461 642 1558 700 Cap.
1605 653 1679 695 78.
1716 646 1852 686 descri-

520 718 622 774 psit,
656 716 841 770 simulque
875 714 996 768 tangit
1028 711 1170 754 Vesalii
1207 713 1245 752 in
1264 709 1455 753 Calenum
1482 710 1851 764 repmehensioncm,

521 791 635 835 atque
687 781 726 820 in
766 779 896 820 tabulis
919 811 929 830 ,
982 790 1076 831 quae
1117 776 1382 830 magnitudine
1424 784 1464 815 et
1511 775 1645 816 colore
1692 776 1854 817 naturali

520 855 643 899 partes
677 843 988 899 repraesentant,
1023 841 1119 883 aD.
1155 839 1315 883 Gautier
1349 839 1490 880 Parisiis
1507 839 1725 894 impressis,
1757 840 1854 880 vitia

519 909 692 951 notando
711 943 721 961 ‚
756 908 898 949 tabulas
931 906 1202 948 Eustachianas
1231 938 1243 959 ‚
1283 916 1485 960 perperam
1535 904 1613 947 hoc
1675 905 1715 947 in
1758 917 1854 960 ope-

519 986 563 1016 te
595 971 858 1028 repraehenfiis
881 1003 892 1024 ‚
937 970 1117 1023 defendit,

550 1126 614 1165 ST.
640 1123 1111 1164 KRASCHENNNJKOW
1151 1122 1214 1160 DE
1247 1120 1408 1160 AOERE
1431 1124 1581 1161 FOLIIS
1606 1123 1836 1166 OBLONGE

751 1185 993 1225 CORDATls
1018 1183 1388 1230 INAEQVALITER
1415 1185 1643 1223 SERRATIS

528 1317 682 1413 Duas
711 1317 914 1359 arbusculas
957 1330 1044 1372 quas
1078 1315 1139 1357 sub
1173 1316 1336 1357 nomine
1380 1316 1516 1358 Aceris
1549 1316 1719 1359 Tatarici
1753 1316 1860 1360 mori

654 1382 748 1424 folio
790 1379 909 1423 Gerb.
956 1382 1099 1423 Hortus
1133 1380 1440 1435 Petropolitanus
1483 1383 1576 1435 alit,
1618 1383 1709 1424 dnm
1753 1394 1864 1424 accu-

529 1457 610 1487 rate
630 1480 640 1499 ,
673 1447 872 1488 secundum
906 1447 1106 1487 caudicem
1131 1477 1142 1498 ‚
1175 1458 1323 1497 ramos,
1356 1445 1444 1486 folia
1462 1459 1675 1501 eorumque
1709 1447 1863 1500 petiola,

530 1509 648 1550 flores
668 1543 678 1562 ,
714 1511 927 1564 perianthia
949 1545 959 1563 ,
989 1509 1148 1551 corollas
1169 1543 1179 1561 ,
1223 1509 1420 1551 filamenta
1439 1543 1450 1563 ‚
1486 1513 1660 1565 germina
1700 1522 1739 1551 et
1771 1524 1864 1566 cap-

533 1572 623 1613 sulas
655 1574 831 1614 describit
865 1574 927 1615 Ci.
964 1575 1099 1615 doctus
1130 1574 1367 1614 Academiae
1401 1575 1636 1625 Adiunctus,
1664 1575 1701 1615 id
1720 1577 1865 1629 pracci-

535 1649 612 1691 pue
655 1636 802 1689 ass'erit,
822 1640 891 1678 xix
913 1638 1030 1678 vllam
1050 1639 1087 1678 in
1115 1648 1195 1678 tota
1213 1637 1351 1678 Aceris
1383 1637 1523 1679 familia
1558 1640 1729 1693 plantam
1762 1640 1833 1681 csse
1852 1672 1863 1691 ,

535 1713 630 1755 quac
664 1701 786 1755 plures
818 1702 1069 1743 distinctionis
1102 1716 1122 1742 a
1155 1702 1433 1755 congeneribus
1472 1714 1579 1744 notas
1620 1717 1712 1758 prae
1747 1704 1781 1744 se
1812 1704 1865 1744 se-

535 1775 622 1817 rat,
657 1777 771 1820 qnam
805 1777 892 1807 ante
926 1766 1138 1821 descripta:
1174 1767 1356 1821 quoniam
1396 1778 1522 1808 autem
1551 1769 1695 1808 corona
1733 1778 1868 1822 patens

535 1828 560 1868 s.
630 1830 755 1882 petala
806 1832 978 1884 patentia
1021 1841 1058 1871 ct
1099 1831 1222 1884 petala
1266 1831 1410 1870 laciniis
1439 1832 1564 1872 calicis
1595 1833 1763 1885 aequalia
1797 1832 1867 1872 ha-

538 1893 670 1933 &enus
690 1907 762 1946 pro
787 1895 888 1935 notis
906 1895 1039 1935 Accris
1055 1893 1362 1934 clmrastcristicis
1389 1907 1410 1934 a
1438 1896 1564 1947 magni
1593 1895 1760 1934 nominis
1785 1892 1866 1936 Bo-

540 1958 671 1997 tanicis
712 1957 840 1997 habita
878 1970 914 1998 ct
957 1960 995 1998 in
1039 1959 1265 1997 definitione
1311 1958 1458 2008 generis
1491 1956 1681 2009 assumta,
1716 1959 1866 2011 plantae

541 2019 632 2060 huic
680 2021 843 2060 minime
887 2021 1148 2070 conueniant,
1190 2020 1333 2059 idcirco
1382 2019 1505 2060 statuit
1566 2036 1607 2061 ca
1652 2022 1783 2063 locum
1825 2024 1866 2063 in

503 2104 507 2107 ·
542 2084 760 2125 charactere
804 2087 952 2138 generis
994 2086 1167 2126 Acetum
1211 2084 1375 2124 minime
1420 2085 1583 2126 retinere
1626 2086 1746 2142 poffc.

1697 2214 1750 2259 G.
1788 2215 1862 2258 W.
