1971 2700
193 211 286 255 MV
288 211 396 253 SCV
398 210 458 255 LI
477 208 541 253 IN
556 205 813 254 PECTORE
830 206 1379 254 PRAETERNATVRAL.
1415 217 1500 262 263

187 325 300 368 idaeis
329 325 442 366 semel
469 323 604 364 imbuti
638 319 923 362 confundantur!
958 319 1101 362 Laudes
1133 332 1301 364 meretur
1341 326 1502 367 summas

188 388 312 428 nobile
323 390 526 428 inuentum.
549 385 745 426 Encomio
753 386 884 438 dignus
894 385 944 424 est
955 385 1134 426 Audioris
1148 397 1319 427 conatus:
1335 400 1405 426 nec
1416 388 1501 428 iufi-

187 453 261 492 cias
279 451 348 491 ibit
363 451 491 504 aliquis
509 481 520 501 ,
539 458 659 489 artem
679 481 690 500 >
709 460 804 501 quae
841 448 937 489 viuis
956 448 1144 489 coloribus
1161 459 1285 502 partes
1310 451 1504 504 impressas

186 528 272 556 vera
312 513 564 567 magnitudine
611 511 887 565 reprelaentat,
923 512 1105 566 proxime
1138 514 1182 553 ad
1219 514 1403 554 Naturam
1440 528 1501 555 ac-

186 580 318 620 cedere
334 610 352 629 ,.
395 588 501 630 atque
533 576 618 616 alias
651 575 904 616 delineatione
936 575 1118 628 expressas
1166 576 1299 629 figuras
1339 580 1499 618 demon-

186 642 319 683 strandi
352 639 552 680 methodos
586 639 698 692 louge
729 639 894 691 superare
914 672 924 690 ‚
959 639 1178 679 dummodo
1214 640 1320 680 simul
1362 654 1496 682 verum

186 705 323 757 situm,
377 703 584 754 fabricam,
635 703 836 753 habitum,
878 713 917 741 et
967 703 1129 755 partium
1180 702 1320 743 limites
1369 706 1497 756 expri-

186 781 296 808 mens
340 766 451 819 scopo
490 775 527 806 et
569 766 736 806 instituto
769 766 972 818 praecipuo
1004 764 1208 804 fittisfaciat.
1292 764 1495 807 Caeterum

184 831 348 885 pretiosis
387 830 558 870 indutam
602 829 758 870 vestibus
798 829 1006 882 speetamus
1045 828 1223 878 simiam,
1274 828 1370 868 frons
1419 831 1494 881 pri-

186 907 251 936 ma
282 894 432 949 quidem
466 893 606 944 allicit,
648 893 707 933 sed
761 891 821 932 sub
861 891 984 945 specie
1034 891 1124 931 latet
1173 891 1336 931 informe
1390 892 1495 932 deci-

182 960 315 1010 piens:
356 957 428 997 hoc
449 957 500 996 est
520 989 530 1008 ‚
563 957 662 1009 quod
682 958 720 995 in
753 955 945 995 artificiose
980 955 1033 994 his
1065 953 1245 1007 impreffis
1276 955 1409 995 tabulis
1426 956 1497 996 do-

181 1021 310 1062 lemus.
373 1019 514 1060 Tutior
546 1019 640 1060 fides
672 1019 809 1070 datur,
845 1019 909 1059 etsi
953 1018 1067 1071 nigris
1108 1018 1226 1056 tolum
1267 1019 1495 1059 adumbratis

182 1084 316 1136 lineis,
349 1083 558 1124 Albinianis
592 1083 838 1123 musculorum
873 1082 1022 1122 Tabulis
1061 1090 1099 1119 et
1141 1080 1365 1133 Historiae,
1407 1094 1495 1135 quas

178 1159 230 1186 ex
249 1147 400 1199 triginta
409 1156 445 1185 et
455 1148 618 1198 pluribus
635 1144 885 1194 cadaueribus,
905 1142 1142 1183 attentissima
1164 1156 1248 1183 cura
1258 1153 1294 1183 et
1312 1145 1505 1197 patientia·

176 1209 399 1258 incredibili,
417 1219 490 1259 ope
502 1207 649 1246 artificis
668 1205 988 1258 incomparabiliS,
1007 1206 1245 1246 concinnauit
1255 1217 1361 1260 atque
1380 1220 1486 1261 repe-

115 1287 121 1290 ·
177 1271 248 1310 tito
278 1283 348 1322 per
382 1270 514 1309 decem
549 1280 587 1309 et
622 1269 715 1309 vltra
749 1281 867 1310 annos
901 1271 1011 1310 toties
1051 1271 1228 1309 examine
1262 1272 1313 1311 ita
1347 1271 1491 1312 confir-

176 1334 297 1373 mauit
328 1332 586 1373 celeberrimus
618 1333 795 1385 Autror,
838 1343 882 1373 vt
923 1332 1069 1373 forsitan
1109 1334 1176 1373 vix
1216 1333 1320 1374 litera
1364 1336 1402 1374 in
1422 1336 1490 1375 de·

174 1395 370 1449 scriptione
392 1429 401 1447 ,
434 1405 496 1436 aut
538 1397 575 1438 in
619 1396 740 1449 figuris
787 1397 886 1437 linea
927 1405 1074 1449 peccet.
1137 1395 1339 1450 quentas,
1385 1399 1489 1450 post-

176 1471 285 1512 quam
316 1471 471 1501 centum
506 1469 544 1499 et
577 1460 842 1513 quinquaginta
876 1473 994 1501 annos
1025 1459 1180 1499 latentes
1210 1461 1319 1500 anxie
1349 1461 1489 1501 deside-

175 1532 317 1562 rauerat
366 1524 471 1564 bono
527 1521 715 1563 fortunato
736 1554 747 1572 ‚
799 1525 934 1577 gaudet
982 1524 1176 1563 Anatome
1228 1523 1489 1565 Eustachianas

177 1585 338 1626 Tabulas
369 1589 543 1628 omnium
566 1619 576 1638 ,
610 1589 670 1640 qui
711 1587 859 1626 scientia
911 1588 1076 1640 corporis
1126 1586 1278 1626 humani
1328 1586 1486 1628 fabricae

174 1648 402 1690 delectantur
423 1682 434 1701 ,
466 1652 613 1690 summa
649 1651 896 1690 admiratione
932 1649 1171 1703 perspedtas,
1206 1648 1382 1703 laetoque
1416 1664 1486 1704 ap-

177 1711 303 1765 plausu
337 1723 530 1766 exceptas,
571 1722 677 1766 atque
717 1714 859 1754 fincero
901 1713 1120 1754 testimonio
1162 1713 1339 1766 probatas
1360 1746 1369 1763 ,
1416 1727 1485 1754 ex-

175 1784 318 1828 cepto,
351 1777 449 1828 quod
468 1776 787 1825 miror,Paris1no
821 1778 1025 1827 Austore,
1059 1777 1140 1830 qui,
1160 1777 1232 1816 siue
1266 1776 1394 1816 inscius
1426 1790 1486 1816 re-

175 1851 262 1879 rum
282 1839 319 1877 in
339 1837 396 1877 his
415 1838 596 1890 imagines
630 1839 707 1890 plus
734 1840 780 1878 ad
817 1839 1100 1879 mathematicae
1126 1840 1290 1878 veritatis
1306 1839 1485 1891 simplici-

175 1910 310 1953 tatem,
328 1913 441 1954 quam
462 1899 671 1940 artificiofiis
689 1901 987 1941 adumbrationes
1003 1901 1167 1941 exhiberi
1187 1933 1196 1951 ‚
1231 1902 1302 1941 siue
1337 1904 1484 1956 proprii

176 1966 297 2017 operis
330 1976 460 2005 amore
498 1963 743 2015 obcaecatus,
784 1965 898 2004 nimis
938 1964 1123 2004 humilem
1160 1974 1199 2003 et
1230 1965 1482 2017 praecipitem

172 2028 222 2068 de
254 2028 312 2069 his
343 2026 565 2068 sententiam
615 2026 758 2079 profert
787 2033 874 2077 (a).
928 2028 1055 2081 Quem
1112 2038 1208 2066 noto
1255 2039 1445 2080 praeterea
1470 2063 1481 2082 ‚

1302 2104 1353 2124 or*
1375 2104 1478 2132 'vum

319 2173 381 2221 (a)
404 2171 455 2206 De
479 2168 621 2206 Musculis
634 2171 735 2215 capitis
753 2193 763 2210 ,
791 2169 862 2202 colli
885 2180 943 2202 etc.
960 2168 1122 2221 d=lltreus3
1141 2166 1238 2199 lctibu
1257 2184 1262 2200 -.
1292 2164 1341 2199 hu
1366 2172 1422 2199 ml.»
1446 2180 1479 2201 en

170 2238 189 2262 a
213 2224 297 2262 donn?
321 2227 384 2260 dans
409 2234 461 2261 une
478 2224 556 2267 fiale
583 2215 709 2257 Planche
726 2245 735 2261 ‚
759 2220 889 2267 plufieurs
918 2219 1019 2267 parites
1059 2215 1198 2266 (figures
1212 2218 1265 2261 sta·
1291 2217 1329 2250 les
1353 2215 1478 2258 Maſs-les
