1971 2700
1096 247 1250 305 (κο)

513 370 644 413 nuium
687 368 873 422 parietum
914 366 1259 421 homogeneaeque
1308 362 1491 405 materiae
1532 373 1668 416 aquam
1702 366 1831 410 minus

512 433 741 491 profundam
777 445 901 473 minus
934 443 1152 485 euaporare.

630 499 661 547 §.
702 508 742 546 3.
795 496 1008 553 Quomodo
1051 493 1244 533 instituerit
1287 491 1598 544 experimentum
1635 491 1747 533 refert
1791 490 1831 539 5.

511 577 544 614 4
575 573 614 603 et
649 572 670 609 5
713 561 874 600 mtimes
909 557 1030 606 affert,
1063 569 1129 596 cur
1161 556 1474 609 experimentum
1510 555 1686 609 exposita
1717 559 1835 600 nitio·

510 640 559 667 ne
592 623 791 665 instituerit
849 615 888 662 §.
926 631 969 669 7.
1007 619 1296 661 obseruationes
1339 619 1512 673 vulgares
1545 620 1745 672 recenset,
1781 635 1835 666 ex

510 690 644 743 quibus
677 684 870 726 concludit
891 717 901 734 ,
938 683 1001 738 1.)
1034 684 1237 726 Minorem
1273 683 1432 725 maffim
1467 684 1573 724 citius
1608 688 1834 739 temperiem

510 753 609 793 ae'ris
643 749 822 791 obtinere
855 749 1004 799 debere,
1037 762 1149 804 quam
1183 750 1372 790 maiorem
1392 746 1585 802 maffam3
1623 749 1650 790 si
1683 752 1838 793 maioris

511 815 647 858 massae
692 812 908 868 superficies
949 814 1096 868 integra
1140 813 1273 854 habeat
1313 813 1360 853 ad
1403 813 1564 853 minoris
1606 812 1747 854 massae
1780 812 1836 856 su-

510 879 715 935 perficiem
783 878 972 931 integram
1038 878 1234 921 rationem,
1290 877 1486 919 minorem
1545 890 1657 931 quam
1720 878 1837 921 massa

509 946 635 986 maior
676 942 724 983 ad
756 939 915 983 massam
957 942 1166 984 minorem.
1213 939 1274 996 2.)
1324 939 1571 983 Contrarium
1605 942 1776 984 obtinere
1807 942 1836 985 fi

509 1008 701 1049 contraria
734 1006 910 1046 conditio
943 1005 1060 1047 adsit.⁴
1119 1005 1312 1046 Describit
1345 1005 1452 1045 sunul
1468 1007 1552 1046 vasa
1571 1039 1584 1058 ,
1617 1007 1747 1060 quibus
1772 1007 1838 1048 ad-

510 1072 641 1113 hibitis
671 1069 905 1111 accuratiora
938 1070 1206 1122 experimenta
1242 1067 1379 1109 institui
1414 1066 1564 1120 poffint.
1600 1071 1633 1116 §-
1657 1081 1684 1118 9
1703 1081 1742 1110 et
1767 1084 1836 1113 ιο.

511 1136 695 1190 Adplicat
728 1132 986 1173 conclusiones
1020 1132 1054 1181 §.
1094 1140 1146 1179 7.‚
1170 1131 1218 1171 ad
1242 1129 1555 1185 experimentum
1584 1130 1839 1185 descriptum,

509 1199 600 1242 hinc
643 1198 807 1239 ostendit
846 1196 1114 1237 conditionem
1159 1193 1469 1248 euaporationis,
1512 1191 1538 1232 si
1572 1204 1736 1246 ponatur
1768 1195 1840 1238 dif-

510 1263 665 1306 ferentia
698 1263 793 1302 iuter
826 1260 1061 1314 temperiem
1104 1271 1223 1313 aquae
1264 1267 1303 1298 et
1336 1257 1433 1299 a'e‘ris
1465 1257 1591 1297 maior
1624 1258 1733 1298 citius
1764 1259 1837 1301 ces-

509 1328 585 1370 sare
616 1329 656 1369 in
690 1324 805 1368 massa
840 1325 1012 1375 minori,
1046 1335 1160 1379 quam
1198 1323 1235 1363 in
1268 1321 1382 1363 massa
1413 1320 1571 1372 maiori,
1605 1319 1839 1377 consequen-

512 1401 570 1434 ter
611 1391 776 1434 mutatio
813 1390 908 1430 a‘c'ris
950 1388 1045 1444 resp.
1083 1387 1289 1442 temperiei
1323 1386 1416 1428 fasta
1435 1422 1446 1440 ,
1479 1386 1607 1440 quauis
1639 1385 1724 1426 vice
1758 1386 1837 1427 diu-

513 1457 584 1497 tius
633 1456 770 1496 durare
831 1454 970 1494 debere
1020 1452 1336 1507 euaporationem
1393 1450 1577 1504 insignem
1631 1449 1669 1490 in
1720 1447 1840 1492 massa

514 1517 649 1558 maiori
716 1525 835 1568 quam
889 1513 927 1553 in
978 1516 1090 1553 mana
1142 1516 1286 1552 minori
1367 1516 1401 1559 ς.
1459 1527 1526 1553 τι.
1587 1512 1715 1562 affert,
1751 1514 1839 1566 quid

514 1581 743 1633 contingat,
781 1577 808 1618 si
849 1579 915 1617 a'e'r
955 1575 1124 1631 frigidior
1167 1575 1218 1616 est
1260 1587 1376 1629 quam
1419 1586 1543 1628 aqua,
1590 1575 1652 1615 vel
1686 1575 1840 1618 calidior

511 1657 626 1700 quam
658 1655 768 1698 aqua.
799 1641 834 1690 §.
877 1653 944 1681 12.
1012 1640 1102 1695 quid
1145 1639 1390 1694 probabiliter
1430 1639 1584 1678 euenire
1624 1639 1785 1692 debeat,
1811 1641 1841 1684 fi

511 1712 576 1751 a’e'r
610 1708 807 1750 humidior
839 1706 1009 1747 redditur
1040 1717 1155 1759 quam
1186 1714 1299 1745 antea
1341 1715 1381 1745 et
1412 1703 1521 1744 simul
1540 1703 1708 1757 frigidior
1731 1717 1839 1758 aqua.

512 1774 544 1824 §-
589 1784 657 1822 ¹³-
722 1771 811 1826 quid
855 1771 1003 1812 eueniat
1045 1768 1320 1823 probabiliter,
1355 1769 1381 1810 si
1415 1769 1482 1808 a'c'r
1515 1768 1680 1809 redditur
1714 1767 1841 1809 humi·

512 1837 597 1876 dior
633 1849 746 1890 quam
787 1846 895 1876 antea
937 1845 976 1874 et
1017 1834 1127 1875 simul
1161 1833 1316 1873 calidior
1355 1844 1470 1885 quam
1505 1842 1614 1883 aqua.
1682 1830 1714 1876 §.
1761 1843 1777 1868 1
1791 1841 1830 1879 ς.

514 1900 670 1940 tandem
708 1910 875 1949 monet,
918 1899 1005 1938 licet
1038 1898 1328 1950 euaporationes
1378 1905 1555 1944 aquarum
1598 1894 1634 1930 in
1671 1891 1765 1932 vasis
1799 1895 1838 1935 in

516 1966 607 2004 ae're
641 1962 813 2015 pendulis
846 1972 919 1999 etc.
955 1961 1026 1998 sint
1059 1961 1106 1997 fic
1139 1966 1380 2010 comparatae
1400 1987 1410 2004 ,
1445 1963 1488 1992 vt
1518 1954 1642 1994 maior
1687 1966 1726 1995 ct
1748 1970 1830 2010 pro.

513 2026 665 2070 sundior
704 2023 819 2066 massa
853 2021 935 2075 plus
967 2033 1085 2074 aquae
1121 2030 1331 2072 cuaporct,
1365 2029 1478 2071 quam
1528 2019 1651 2058 minus
1686 2020 1840 2072 proflui.

515 2092 561 2133 da
583 2124 595 2144 ,
629 2090 703 2131 hoc
747 2099 872 2129 tamen
907 2086 951 2125 ad
984 2085 1141 2125 maioroe
1171 2083 1335 2134 massas,
1369 2082 1520 2132 maria,
1555 2084 1652 2122 lacus
1672 2115 1682 2133 ,
1718 2085 1842 2137 fluuia,

517 2156 696 2212 adplicari
738 2150 939 2194 difficulter
980 2147 1114 2205 posse,
1155 2148 1273 2189 alium
1320 2149 1422 2189 enim
1454 2146 1625 2188 calorem
1660 2148 1842 2204 adplicari

1724 2279 1846 2322 massis
