1971 2700
473 159 555 206 DE
586 156 794 205 BESTHS
823 154 1087 204 MARnws.
1362 169 1453 218 29³⁵

258 272 370 328 Quali
402 271 672 316 cumsucceffu
705 272 816 312 litora
851 273 962 312 maris
994 273 1087 313 circa
1129 273 1306 326 kolymae
1347 278 1449 322 fluuii

144 337 280 379 ostium
318 337 474 390 sequenti
505 346 604 375 anno
635 335 839 375 lustraturus·
857 334 955 387 sum,
975 337 1052 376 dies
1068 338 1242 392 docebit3
1277 341 1448 382 animum

143 414 273 442 meum
310 401 543 440 incenderunt
574 397 704 438 sceleta
746 408 1007 440 mammontea
1028 432 1038 451 ,
1079 402 1294 442 traditiones
1319 404 1365 444 de
1390 404 1451 444 his

142 468 266 504 minus
306 462 520 504 sufficientes
541 492 552 512 ‚
587 473 655 502 nec
689 463 849 514 dubim,
884 463 910 503 fi
943 463 1173 506 Americana
1217 467 1326 506 nobis
1361 468 1446 508 iito-

140 540 179 568 ra
212 528 356 567 notiora
388 526 541 566 euadent
573 533 613 564 et
646 525 721 566 hoc
755 526 928 566 mirabile
963 527 1169 569 subieerum
1202 529 1300 570 forre
1337 532 1448 571 inno-

139 590 282 645 tescet3
315 601 381 630 nec
414 590 553 630 mirum
585 589 638 629 cst
674 589 759 629 talia
793 589 977 644 hucusque
1022 591 1154 643 ignota
1186 602 1226 632 et
1258 595 1449 647 incognita

137 652 213 693 effe
235 686 246 705 ,
280 667 301 694 a
333 665 488 707 quorum
523 653 765 704 indagatione
796 653 901 692 vasto
935 654 1135 694 internecio
1174 657 1265 697 mari
1316 658 1446 710 prohi-

137 718 298 768 bemur,
348 729 458 770 quam
492 717 617 769 potius
648 728 691 756 ea
726 728 797 756 nos
832 717 953 767 fugere
974 746 985 765 ,
1018 717 1217 771 nostraque
1266 720 1372 773 culpa
1405 723 1447 761 in

136 780 297 820 tenebris
327 780 447 832 perire
467 812 478 831 ‚
516 779 715 834 nostroque
764 779 1039 822 filentio,inter
1071 779 1227 820 fabulosa
1278 785 1446 834 reponi,

134 856 228 896 quae
261 844 356 883 inea
376 852 470 883 terra
501 843 635 895 absque
669 842 790 883 multo
823 843 950 882 labore
970 842 1097 882 haberi
1124 842 1296 897 poffimt,
1331 858 1446 898 quam

133 919 203 947 nos
234 907 360 946 curiofi
394 907 609 947 incolimus:
646 906 685 945 in
719 906 913 958 postremis
954 906 1065 946 Asiae
1097 917 1134 946 et
1168 907 1329 949 Roffiaci
1364 907 1448 949 Im-

130 971 227 1022 perii
261 970 428 1010 terminis
458 969 714 1022 cognouidari
765 967 988 1019 Scytharum
1027 967 1147 1009 Suhac
1183 971 1281 1010 inter
1312 971 1449 1012 fabulas

129 1032 334 1084 repositum
353 1066 364 1082 ,
399 1026 610 1072 etiamnum
642 1032 704 1071 sub
735 1032 872 1071 eodem
907 1033 1065 1071 nomine
1108 1032 1147 1073 in
1179 1032 1322 1074 deserto
1348 1034 1444 1075 Aso-

131 1095 259 1134 wiensi
291 1106 327 1134 et
345 1095 430 1147 illo,
449 1097 548 1148 quod
581 1093 895 1153 Szip01·ozkieiises
927 1093 1053 1133 Casaci
1086 1094 1321 1148 inhabitant,
1355 1097 1446 1137 effe-

128 1170 202 1210 que
233 1170 381 1208 capram
418 1166 707 1195 monocerotem
742 1154 912 1195 Cofiiccis
962 1155 1255 1208 vulgatissimum
1307 1160 1445 1201 anima}

126 1219 333 1270 menfisque
382 1218 530 1257 illorum
583 1217 852 1271 notiffimum3
902 1219 976 1260 dari
1019 1218 1171 1272 Lupum
1221 1219 1445 1272 Scythicum

122 1281 332 1322 Aristotelis
382 1280 522 1321 ibidem
586 1274 716 1321 colore
766 1276 948 1334 nigrum5
999 1282 1143 1339 vulgari
1192 1284 1410 1339 longiorem
1432 1319 1444 1339 ,

122 1343 348 1385 breuioribus.
379 1344 537 1397 podibus
569 1339 789 1385 instrustum
808 1377 819 1396 ,
852 1341 962 1385 valde
995 1358 1170 1399 rapacem
1222 1358 1261 1401 et
1310 1350 1442 1390 crude-

121 1407 229 1452 lem:
263 1407 339 1456 dari
390 1407 533 1447 animal
566 1409 662 1448 circa
694 1406 938 1448 Woronesch
968 1418 1006 1448 et
1048 1409 1297 1450 Astracanum
1341 1412 1440 1453 simi-

124 1469 274 1509 litudine
307 1471 406 1512 canis
423 1471 576 1521 latrans,
610 1469 778 1511 dolosum
799 1503 809 1523 ‚
841 1471 1006 1523 crudele,
1037 1470 1175 1513 somno
1206 1472 1346 1527 sopitos
1380 1477 1437 1515 in-

127 1532 265 1572 vadens
291 1564 301 1584 ,
350 1536 482 1574 omnia
532 1548 553 1574 e
605 1535 804 1575 domiciliis
853 1535 950 1574 clam
982 1536 1158 1587 rapiens,
1193 1538 1292 1589 quod
1341 1539 1438 1578 forte

125 1595 282 1646 Hyacna
314 1606 513 1637 veterum:
547 1610 614 1637 nec
646 1599 763 1651 magis
796 1599 834 1638 in
870 1598 968 1637 votis
999 1597 1151 1650 habeo,
1183 1612 1296 1652 quam
1332 1602 1437 1653 quod

126 1659 338 1712 perlustrata
371 1658 503 1700 Sibiria
536 1660 766 1701 desertorum
801 1661 1053 1701 lustrationem
1074 1694 1085 1713 ,
1127 1662 1161 1702 si-
1188 1675 1306 1702 nemo
1338 1664 1437 1704 hanc

123 1725 162 1765 in
196 1722 229 1761 se
260 1721 401 1774 suscipit
436 1720 617 1776 spartam,
653 1724 751 1764 mihi
785 1720 1058 1764 commendare
1080 1758 1090 1776 ‚
1122 1738 1257 1779 meque
1288 1726 1312 1765 fi
1347 1740 1432 1767 mea

123 1786 322 1826 conamina
356 1784 500 1838 placent
521 1817 531 1835 ,
563 1797 612 1823 eo
643 1788 805 1826 muneris
821 1800 912 1839 ergo
944 1787 982 1825 in
1014 1788 1174 1827 exilium
1209 1789 1255 1828 ad
1291 1789 1434 1839 aliquot

125 1861 241 1889 annos
273 1848 423 1887 mittere
457 1848 651 1900 dignentur
670 1881 681 1899 ,
715 1860 791 1902 quo
823 1861 957 1888 aeuum
993 1850 1044 1889 ibi
1077 1849 1236 1905 longum
1286 1850 1434 1893 trahere

122 1911 288 1969 poffim,
319 1911 420 1966 quod
452 1911 566 1972 nimis
597 1911 706 1955 breue
738 1911 901 1955 futurum
932 1910 1111 1955 hariolor.

688 2163 728 2210 Ο
761 2178 846 2220 03
1342 2165 1425 2212 De-
