1971 2700
498 173 579 216 DE
609 169 835 217 BESTHS
863 170 1134 218 MAR1N15.
1390 191 1471 225 291.

180 286 233 326 ob
272 286 433 328 clausum
483 287 651 327 foramen
680 283 785 325 ouale
819 297 898 325 non
931 284 1049 326 vbiuis
1079 293 1118 325 et
1155 285 1220 326 sub
1267 298 1481 341 quacunque

180 349 428 402 profunditate
455 349 564 391 maris
580 347 679 387 hunc
706 347 833 388 cibum
861 348 1008 390 nanciffi
1027 348 1152 403 potest
1174 379 1184 399 ‚
1221 347 1312 389 hinc
1330 350 1452 390 saxosa
1468 384 1481 404 ,

176 413 316 454 ruinosa
349 423 386 452 et
416 410 549 453 vadosa
583 410 690 452 litora
723 410 954 453 Americana
971 422 1009 453 et
1035 412 1232 453 insularum
1251 411 1291 453 in
1308 413 1426 454 canali
1442 423 1481 455 et

174 485 288 516 terrae
318 475 607 517 Kamtschaticae
638 474 858 527 frequentat.
923 475 1008 516 Leo
1040 485 1078 516 et
1096 476 1195 517 vrsus
1213 476 1380 517 marinus
1396 478 1478 518 ani-

172 540 286 580 malia
318 540 507 592 migrantia
541 538 673 579 eadem
708 539 848 579 ratione
882 548 925 580 vt
956 539 1098 581 anseres
1117 572 1126 590 ,
1158 541 1289 593 cygni,
1326 540 1476 582 recessus

171 603 284 643 maris
311 611 350 642 et
382 603 534 643 incultas
574 600 703 642 insulas
753 612 933 656 quaerunt
952 637 963 656 ,
1010 616 1085 658 quo
1115 603 1166 643 ibi
1199 616 1220 644 a
1253 596 1477 658 pinguedine

169 664 205 704 se
235 665 404 717 liberare,
432 667 558 706 veneri
577 664 765 717 indulgere
799 675 837 705 et
868 676 1019 719 partum
1052 668 1163 706 edere
1196 668 1333 719 poffmt
1350 699 1361 718 ,
1393 667 1474 721 qui-

169 727 234 769 bus
265 728 420 782 peractis
449 730 574 771 auium
609 740 717 768 more
750 728 913 768 domum
953 729 1118 769 redeunt.
1205 730 1467 783 Amphibium

165 788 319 846 Bieluga
348 792 625 833 voracissimum
660 792 801 832 animal
834 805 877 831 ea
910 792 1012 846 eligit
1043 792 1124 832 loca
1146 823 1156 843 ‚
1194 792 1256 832 vbi
1275 793 1367 833 finus
1387 792 1468 832 lon-

163 856 202 908 gi
235 867 299 897 nec
328 857 423 897 adeo
456 856 596 910 spafiofi
629 854 783 895 recessus
816 855 928 895 maris
948 887 959 905 ,
1011 868 1087 909 quo
1141 855 1290 908 piscibus
1334 855 1370 895 in
1405 868 1469 895 au-

160 919 294 970 gustias
324 919 464 961 coactis
494 919 675 961 liberalius
706 927 743 957 et
774 918 879 958 citius
913 920 1009 972 pasci
1042 918 1181 972 poffint
1200 952 1211 972 ,
1252 918 1369 972 qualia
1388 917 1466 959 sunt

162 981 272 1034 loca,
305 983 350 1023 ad
382 984 520 1024 ostium
553 982 614 1023 Vd
655 981 789 1031 fluuii,
820 980 967 1021 Ochoti
987 1014 998 1033 ,
1039 992 1077 1021 ct
1112 982 1205 1022 finus
1254 982 1368 1022 maris
1417 983 1463 1022 ad

160 1044 297 1085 ostium
331 1045 511 1086 Olutorae
541 1046 654 1086 fluuii.
719 1045 925 1086 Rosmaius
957 1046 1008 1085 ob
1041 1045 1147 1085 dulce
1165 1045 1290 1085 otium
1311 1045 1391 1085 loca
1410 1045 1467 1084 in-

159 1107 258 1148 culta
292 1109 349 1149 vel
381 1110 503 1149 minus
535 1109 699 1148 habitata
731 1117 768 1145 et
801 1108 852 1145 ob
885 1107 1151 1160 pinguedinem
1206 1107 1364 1149 nimiam
1408 1120 1466 1147 re-

154 1169 342 1221 frigerium
376 1171 413 1208 in
443 1169 563 1222 glacie
596 1169 766 1221 quaerit,
797 1169 899 1220 quod
931 1181 1018 1208 cum
1059 1169 1106 1210 ad
1154 1170 1291 1211 ostium
1339 1168 1432 1211 Obii
1453 1203 1464 1223 ,

153 1231 318 1272 leniseae
337 1263 347 1283 ,
380 1230 509 1271 Lenae
527 1263 539 1283 ,
571 1231 759 1282 Kolymae
774 1240 813 1271 et
844 1232 939 1271 circa
959 1234 1269 1285 promontorium
1296 1232 1465 1276 'rschuk-

153 1291 335 1334 tschicum
392 1296 522 1349 quouis
562 1295 651 1337 anni
684 1302 863 1349 tempore
898 1293 938 1335 fit
957 1328 967 1347 ‚
1000 1307 1044 1336 ea
1077 1297 1160 1338 loca
1200 1307 1345 1339 amant.

265 1355 428 1399 Balaena
468 1358 592 1399 otium
624 1370 756 1399 amans
789 1357 908 1398 maria
940 1360 1035 1412 petit
1068 1361 1191 1401 minus
1218 1362 1369 1402 nauibus
1389 1362 1463 1413 fie-

151 1429 322 1472 quentata
343 1455 354 1474 ,
385 1433 472 1462 cum
506 1434 602 1462 vero
633 1422 712 1462 loca
753 1420 1051 1474 septentrionalia
1093 1424 1178 1463 talia
1222 1424 1456 1477 potiffimum

151 1481 221 1523 sint
239 1514 250 1534 ‚
280 1496 323 1525 ea
365 1484 614 1538 frequentant,
647 1484 784 1525 somno
817 1485 1030 1539 capiendo,
1065 1488 1185 1540 partui
1212 1488 1390 1528 enitendo
1420 1497 1458 1529 et

148 1543 280 1586 lusibus
307 1549 475 1590 venereis
505 1549 722 1589 exercendis
752 1547 947 1589 destinant.

262 1610 439 1653 Rationes
471 1611 582 1666 igitur
600 1645 611 1665 ,
644 1624 756 1667 quare
787 1611 927 1665 reliqua
958 1613 1132 1654 animalia
1162 1614 1359 1668 amphibia
1378 1627 1454 1657 non

149 1673 300 1725 omnia,
318 1675 374 1715 sed
404 1686 503 1717 certa
535 1675 775 1718 solummodo
806 1675 954 1725 Oceani
982 1677 1062 1718 loca
1080 1677 1291 1719 inhabitent
1309 1711 1319 1731 ‚
1347 1691 1367 1718 e
1388 1692 1451 1719 na-

145 1745 224 1776 tura
255 1737 471 1779 animalium
504 1740 661 1790 petenda
693 1739 774 1779 sunt
792 1771 803 1789 ‚
837 1740 1056 1793 quibusdam
1089 1735 1237 1795 vietus,
1270 1742 1347 1783 aliis
1380 1743 1450 1782 otii

143 1799 301 1840 dulcedo
319 1831 330 1851 ,
365 1801 442 1840 aliis
472 1800 561 1841 aliae
592 1801 832 1855 proprietates
863 1802 1002 1843 limites
1033 1815 1181 1857 ponunt
1228 1818 1270 1845 ac
1307 1804 1449 1845 habita-

143 1862 222 1904 cula
255 1863 519 1903 determinant.

256 1925 404 1967 Habent
436 1938 529 1967 vero
559 1927 731 1969 animalia
760 1929 903 1970 marina
935 1930 1069 1970 omnia
1102 1930 1164 1971 vel
1205 1930 1342 1985 figurae
1384 1933 1446 1973 vel

139 2001 296 2034 morum
337 1990 539 2043 ‚quidpiam
592 2003 681 2031 cum
715 1992 930 2033 animalibus
964 1995 1184 2035 terrestribus
1206 2007 1414 2037 commune
1434 2029 1446 2048 ,

140 2053 190 2092 ob
223 2065 333 2107 quam
366 2053 643 2094 similitudinem
677 2054 739 2094 vel
772 2068 793 2095 a
829 2054 984 2108 plebeiis
1015 2059 1143 2110 primo
1175 2058 1307 2099 intuitu
1353 2073 1440 2100 cum

138 2118 245 2157 certis
277 2117 493 2171 quibusdam
523 2117 737 2159 animalibus
766 2114 1065 2173 comparantur,
1110 2131 1148 2161 et
1180 2123 1264 2162 inde
1298 2137 1439 2162 nomen

690 2180 730 2222 Ο
761 2193 788 2223 0
821 2194 845 2220 2
1368 2186 1434 2225 for-
