1971 2700
531 222 628 284 224
809 217 947 268 MET
944 218 1114 269 HODV
1114 219 1146 266 S
1180 213 1551 267 OBSERVHNDI

649 340 774 386 schol.
808 339 855 382 1n
894 339 1085 380 methodo
1113 338 1396 380 determinandi
1450 337 1621 392 primum
1673 334 1856 384 diuisionis

530 408 716 464 graduum
751 404 936 459 punctum
962 405 999 444 in
1020 403 1144 445 limbo
1176 405 1387 458 quadrantis
1414 413 1631 443 notatorum
1652 434 1662 453 ,
1682 405 1858 447 omnium

535 474 685 524 optima
713 502 724 522 ,
758 479 850 521 quae
881 466 930 508 sc.
966 480 1036 522 per
1073 467 1325 508 inuersionem
1376 468 1585 522 quadrantis
1618 466 1694 518 fit,
1743 468 1864 521 requi-

534 545 664 576 runtur
699 532 842 574 multae
890 531 1124 573 commodae
1174 542 1287 573 notae
1319 534 1358 573 in
1392 531 1572 573 aedificiis
1621 530 1724 571 vrbis
1743 564 1755 584 ,
1803 529 1867 571 vel

533 597 627 639 alibi
662 600 700 638 in
731 597 874 638 Terrae
906 596 1103 650 superficie
1128 595 1225 637 sitae
1245 628 1256 648 ‚
1288 597 1334 638 ad
1367 609 1456 648 quas
1485 595 1638 650 capillus
1687 595 1869 637 horizon-

535 664 659 703 taliter
693 663 732 702 in
766 662 860 704 tubo
895 663 1067 702 extenius
1097 659 1209 714 dirigi
1242 661 1382 712 debet,
1414 673 1507 716 quac
1540 670 1666 700 tamen
1685 672 1764 700 non
1782 659 1869 699 vbi·

536 739 610 783 que
639 725 774 780 facile,
825 725 1045 781 praesertim
1099 734 1227 765 autem
1269 725 1308 765 in
1342 725 1700 782 peregrinationibus
1751 721 1871 765 adcffe

539 788 720 848 possunt„
753 791 804 831 ob
836 803 991 845 quarum
1026 789 1215 831 desectum
1252 784 1425 843 primum
1462 789 1548 830 illud
1584 788 1768 843 punc‘tum
1796 798 1868 841 per

538 855 628 896 alias
662 854 867 895 methodos
918 867 998 894 non
1032 855 1083 894 ita
1117 863 1234 894 certas
1265 853 1561 904 deteiminatur,
1611 854 1873 906 incertumque

537 920 699 975 prodit,
733 929 771 959 ct
805 919 1106 959 incertitudinem
1149 917 1247 959 lianc
1281 917 1380 959 suam
1416 918 1455 958 in
1489 917 1699 958 altitudines
1750 917 1869 957 ctiam

537 983 727 1025 stellarum
749 1015 759 1035 ,
792 996 859 1037 per
891 983 1140 1038 quadrantem
1183 981 1401 1024 huiusmodi
1451 981 1660 1023 obseruatas
1712 981 1868 1021 deriuat.

533 1046 699 1102 Optime
729 1058 856 1089 autem
890 1046 974 1089 huic
1008 1048 1262 1089 incommodo
1294 1058 1364 1101 per
1398 1046 1630 1087 methodum
1663 1043 1769 1098 supra
1802 1044 1874 1083 de-

537 1110 715 1163 scriptam
768 1113 992 1155 succurretur
1012 1146 1022 1166 ,
1073 1112 1100 1153 fi
1134 1123 1277 1165 nempe
1309 1123 1347 1151 in
1379 1111 1473 1151 tubo
1524 1108 1737 1164 quadrantis
1783 1107 1876 1147 loco

539 1174 651 1213 Vnius
681 1174 806 1224 capilli
852 1175 1127 1219 horizontalie,
1181 1175 1302 1223 plnres
1333 1175 1379 1211 ad
1415 1173 1594 1223 capillum
1651 1171 1875 1211 verticalem

537 1234 866 1292 perpendiculares
913 1244 953 1272 et
987 1233 1080 1273 inter
1114 1231 1148 1271 se
1184 1233 1345 1286 paralleli
1377 1234 1629 1274 extendantur
1649 1268 1659 1286 ‚
1714 1244 1752 1274 et
1785 1234 1876 1275 loco

537 1299 746 1340 multarum
781 1296 826 1336 ad
862 1307 980 1335 vnam
1017 1304 1165 1336 tantum
1200 1296 1434 1350 eandemque
1468 1307 1602 1338 notam
1624 1330 1634 1348 ‚
1675 1311 1768 1352 quae
1795 1299 1873 1339 iam

538 1364 676 1418 vbique
709 1360 884 1401 facillime
919 1359 996 1401 dari
1031 1357 1153 1413 potest
1174 1389 1185 1408 ,
1230 1357 1363 1412 singuli
1418 1358 1602 1398 ssiccessiue
1637 1361 1674 1400 in
1710 1372 1874 1414 vtroque

540 1427 609 1469 sstu
642 1425 852 1480 quadrantis
885 1423 1026 1463 codem
1060 1423 1184 1462 modo
1226 1422 1444 1475 dirigantur.
1514 1421 1616 1462 Hinc
1651 1424 1752 1463 enim
1797 1424 1875 1479 pri-

540 1504 654 1532 mum
690 1489 778 1530 illud
811 1487 999 1528 diuisionis
1033 1487 1215 1540 graduum
1251 1486 1437 1539 punctum
1473 1497 1589 1540 aeque
1614 1496 1760 1526 certum
1782 1518 1793 1537 ,
1813 1485 1876 1529 vel

540 1555 660 1596 adbuc
693 1555 827 1594 certius
857 1551 1195 1601 determinabitur,
1229 1563 1342 1602 quam
1377 1550 1443 1589 vbi
1476 1549 1630 1603 capillus
1669 1551 1715 1592 ad
1750 1549 1875 1591 diuer-

541 1618 596 1660 sas
629 1628 736 1659 notas
769 1616 916 1656 diueriis
949 1615 1077 1656 modis
1095 1647 1106 1667 ‚
1138 1613 1197 1657 sed
1230 1615 1268 1655 in
1303 1625 1465 1670 Vtroque
1500 1614 1569 1656 situ
1587 1615 1797 1670 quadrantis
1814 1614 1874 1656 iis—

538 1683 632 1724 dem
653 1715 664 1734 ,
697 1681 882 1735 dirigitur.

663 1813 697 1863 §.
726 1827 765 1864 3.
804 1812 872 1853 liis
907 1811 954 1851 ita
991 1810 1246 1865 praeparatis,
1279 1809 1370 1851 dum
1408 1818 1560 1864 tempus
1608 1809 1786 1865 eclipseos
1819 1810 1876 1850 in-

544 1878 615 1919 stat
635 1910 645 1927 ‚
681 1877 890 1917 obseruetur
924 1877 1089 1928 repetitis
1124 1876 1264 1915 vicibus
1297 1884 1447 1927 tempus
1478 1873 1646 1914 transitus
1695 1874 1875 1914 diametri

544 1941 764 1982 Luminaris
797 1939 1003 1994 ccliplaturi
1040 1952 1107 1992 per
1139 1939 1316 1992 capillum
1353 1938 1391 1977 Α
1413 1938 1447 1979 Ε
1469 1970 1479 1987 ,
1513 1948 1735 1991 tempusque
1771 1948 1876 1978 tran·

545 2004 631 2045 situs
666 2006 773 2044 limbi
810 2004 1064 2043 antecedentis
1098 2004 1264 2042 eiusdem
1308 2000 1520 2041 Luminaiis
1575 2015 1641 2054 pcr
1690 2002 1878 2042 distantias

546 2067 774 2121 capillorum
809 2067 1071 2118 parallelorum
1108 2066 1285 2104 omnium
1341 2065 1435 2104 inter
1467 2065 1525 2116 ie,
1562 2067 1598 2104 in
1634 2067 1700 2108 situ
1751 2065 1877 2120 capilli

547 2129 587 2172 G
609 2129 642 2172 C
676 2133 720 2170 ad
755 2130 928 2169 diurnum
966 2129 1177 2168 Luminaris
1208 2128 1418 2182 parallelo,
1451 2140 1486 2169 ct
1523 2140 1699 2182 tempora
1749 2128 1875 2170 trausi-

549 2205 656 2238 tuum
690 2194 799 2236 limbi
833 2206 901 2248 pei·
937 2205 1240 2248 vnamquaniquc
1274 2193 1486 2235 distantiam
1521 2194 1746 2248 capillorum
1768 2226 1778 2245 ,
1807 2203 1877 2232 nec

1794 2269 1875 2298 non
