<?xml version="1.0" encoding="UTF-8"?>
<!DOCTYPE html PUBLIC "-//W3C//DTD XHTML 1.0 Transitional//EN"
    "http://www.w3.org/TR/xhtml1/DTD/xhtml1-transitional.dtd">
<html xmlns="http://www.w3.org/1999/xhtml" xml:lang="en" lang="en">
 <head>
  <title>
</title>
<meta http-equiv="Content-Type" content="text/html;charset=utf-8" />
  <meta name='ocr-system' content='tesseract 3.04.00' />
  <meta name='ocr-capabilities' content='ocr_page ocr_carea ocr_par ocr_line ocrx_word'/>
</head>
<body>
  <div class='ocr_page' id='page_1' title='image "./novicommentariac02impe_0433.png"; bbox 0 0 1971 2700; ppageno 0'>
   <div class='ocr_carea' id='block_1_1' title="bbox 459 154 1468 223">
    <p class='ocr_par' dir='ltr' id='par_1_1' title="bbox 459 154 1468 223">
     <span class='ocr_line' id='line_1_1' title="bbox 459 154 1468 223; baseline 0.016 -22"><span class='ocrx_word' id='word_1_1' title='bbox 459 157 545 201; x_wconf 89' lang='lat' dir='ltr'>DE</span> <span class='ocrx_word' id='word_1_2' title='bbox 572 154 784 201; x_wconf 87' lang='lat' dir='ltr'><strong><em>BESTIIS</em></strong></span> <span class='ocrx_word' id='word_1_3' title='bbox 814 156 1079 205; x_wconf 80' lang='lat' dir='ltr'><strong><em>MARINIS.</em></strong></span> <span class='ocrx_word' id='word_1_4' title='bbox 1376 177 1468 223; x_wconf 71' lang='grc'>397</span> 
     </span>
    </p>
   </div>
   <div class='ocr_carea' id='block_1_2' title="bbox 147 269 1505 1150">
    <p class='ocr_par' dir='ltr' id='par_1_2' title="bbox 147 269 1505 1150">
     <span class='ocr_line' id='line_1_2' title="bbox 277 269 1505 329; baseline 0.005 -15"><span class='ocrx_word' id='word_1_5' title='bbox 277 271 418 323; x_wconf 86' lang='lat' dir='ltr'><strong>Pelles,</strong></span> <span class='ocrx_word' id='word_1_6' title='bbox 451 278 652 325; x_wconf 87' lang='lat' dir='ltr'>antequam</span> <span class='ocrx_word' id='word_1_7' title='bbox 681 271 760 311; x_wconf 79' lang='lat' dir='ltr'>vsui</span> <span class='ocrx_word' id='word_1_8' title='bbox 802 270 939 311; x_wconf 87' lang='lat' dir='ltr'>cedunt</span> <span class='ocrx_word' id='word_1_9' title='bbox 989 269 1175 324; x_wconf 83' lang='lat' dir='ltr'><strong>sequentes</strong></span> <span class='ocrx_word' id='word_1_10' title='bbox 1223 276 1464 329; x_wconf 78' lang='lat' dir='ltr'>experiuntur</span> <span class='ocrx_word' id='word_1_11' title='bbox 1503 285 1505 287; x_wconf 79' lang='grc'><strong>’</strong></span> 
     </span>
     <span class='ocr_line' id='line_1_3' title="bbox 161 332 1465 390; baseline 0.006 -15"><span class='ocrx_word' id='word_1_12' title='bbox 161 335 314 377; x_wconf 83' lang='lat' dir='ltr'>labores.</span> <span class='ocrx_word' id='word_1_13' title='bbox 353 332 408 390; x_wconf 89' lang='lat'>1.)</span> <span class='ocrx_word' id='word_1_14' title='bbox 439 335 478 374; x_wconf 92' lang='lat' dir='ltr'><strong>A</strong></span> <span class='ocrx_word' id='word_1_15' title='bbox 509 334 603 388; x_wconf 85' lang='lat' dir='ltr'>pelle</span> <span class='ocrx_word' id='word_1_16' title='bbox 637 333 803 374; x_wconf 74' lang='lat' dir='ltr'>detrac‘ta</span> <span class='ocrx_word' id='word_1_17' title='bbox 833 333 1048 387; x_wconf 80' lang='lat' dir='ltr'>panniculus</span> <span class='ocrx_word' id='word_1_18' title='bbox 1080 336 1297 379; x_wconf 75' lang='lat' dir='ltr'>mustulosus</span> <span class='ocrx_word' id='word_1_19' title='bbox 1314 339 1465 384; x_wconf 75' lang='lat' dir='ltr'>seorsim</span> 
     </span>
     <span class='ocr_line' id='line_1_4' title="bbox 159 394 1465 452; baseline 0.008 -15"><span class='ocrx_word' id='word_1_20' title='bbox 159 399 282 439; x_wconf 87' lang='lat' dir='ltr'>cultro</span> <span class='ocrx_word' id='word_1_21' title='bbox 312 398 491 452; x_wconf 81' lang='lat' dir='ltr'>separatur</span> <span class='ocrx_word' id='word_1_22' title='bbox 508 429 518 449; x_wconf 87' lang='lat'>‚</span> <span class='ocrx_word' id='word_1_23' title='bbox 556 397 654 438; x_wconf 90' lang='lat' dir='ltr'>hunc</span> <span class='ocrx_word' id='word_1_24' title='bbox 698 397 866 438; x_wconf 86' lang='lat' dir='ltr'>laborem</span> <span class='ocrx_word' id='word_1_25' title='bbox 903 394 1008 438; x_wconf 85' lang='lat' dir='ltr'>Ruffi</span> <span class='ocrx_word' id='word_1_26' title='bbox 1044 395 1241 442; x_wconf 83' lang='lat' dir='ltr'>Slauonico</span> <span class='ocrx_word' id='word_1_27' title='bbox 1276 405 1465 447; x_wconf 83' lang='lat' dir='ltr'>vocabulo</span> 
     </span>
     <span class='ocr_line' id='line_1_5' title="bbox 159 458 1465 514; baseline 0.006 -14"><span class='ocrx_word' id='word_1_28' title='bbox 159 458 283 502; x_wconf 91' lang='lat' dir='ltr'>Bolon</span> <span class='ocrx_word' id='word_1_29' title='bbox 301 458 386 502; x_wconf 82' lang='lat' dir='ltr'>sniat</span> <span class='ocrx_word' id='word_1_30' title='bbox 404 461 637 513; x_wconf 87' lang='lat' dir='ltr'>exprimunt.</span> <span class='ocrx_word' id='word_1_31' title='bbox 660 463 719 510; x_wconf 85' lang='lat'>2.)</span> <span class='ocrx_word' id='word_1_32' title='bbox 753 460 858 502; x_wconf 84' lang='lat' dir='ltr'>Pellis</span> <span class='ocrx_word' id='word_1_33' title='bbox 876 469 921 500; x_wconf 86' lang='lat' dir='ltr'>vt</span> <span class='ocrx_word' id='word_1_34' title='bbox 938 470 980 500; x_wconf 81' lang='lat' dir='ltr'>vt</span> <span class='ocrx_word' id='word_1_35' title='bbox 999 462 1122 514; x_wconf 90' lang='lat' dir='ltr'>potest</span> <span class='ocrx_word' id='word_1_36' title='bbox 1142 465 1312 506; x_wconf 84' lang='lat' dir='ltr'>maxime</span> <span class='ocrx_word' id='word_1_37' title='bbox 1330 468 1465 508; x_wconf 89' lang='lat' dir='ltr'>disten—</span> 
     </span>
     <span class='ocr_line' id='line_1_6' title="bbox 157 523 1462 585; baseline 0.002 -20"><span class='ocrx_word' id='word_1_38' title='bbox 157 524 254 565; x_wconf 87' lang='lat' dir='ltr'>ditur</span> <span class='ocrx_word' id='word_1_39' title='bbox 272 557 282 577; x_wconf 80' lang='lat'>,</span> <span class='ocrx_word' id='word_1_40' title='bbox 313 524 454 566; x_wconf 88' lang='lat' dir='ltr'>etenim</span> <span class='ocrx_word' id='word_1_41' title='bbox 473 534 617 577; x_wconf 84' lang='lat' dir='ltr'>praeter</span> <span class='ocrx_word' id='word_1_42' title='bbox 635 523 708 565; x_wconf 94' lang='lat' dir='ltr'>hoc</span> <span class='ocrx_word' id='word_1_43' title='bbox 726 557 737 577; x_wconf 86' lang='lat'>,</span> <span class='ocrx_word' id='word_1_44' title='bbox 770 524 870 578; x_wconf 91' lang='lat' dir='ltr'>quod</span> <span class='ocrx_word' id='word_1_45' title='bbox 890 525 1111 576; x_wconf 81' lang='lat' dir='ltr'>magnitudo</span> <span class='ocrx_word' id='word_1_46' title='bbox 1126 528 1290 580; x_wconf 80' lang='lat' dir='ltr'>pretium</span> <span class='ocrx_word' id='word_1_47' title='bbox 1324 539 1433 585; x_wconf 84' lang='lat' dir='ltr'>auget</span> <span class='ocrx_word' id='word_1_48' title='bbox 1451 564 1462 584; x_wconf 74' lang='lat'>‚</span> 
     </span>
     <span class='ocr_line' id='line_1_7' title="bbox 156 587 1464 649; baseline 0.007 -21"><span class='ocrx_word' id='word_1_49' title='bbox 156 597 282 640; x_wconf 80' lang='lat' dir='ltr'>parata</span> <span class='ocrx_word' id='word_1_50' title='bbox 299 589 382 629; x_wconf 90' lang='lat' dir='ltr'>inde</span> <span class='ocrx_word' id='word_1_51' title='bbox 400 587 547 641; x_wconf 84' lang='lat' dir='ltr'>pellicia</span> <span class='ocrx_word' id='word_1_52' title='bbox 565 588 702 628; x_wconf 86' lang='lat' dir='ltr'>leuiora</span> <span class='ocrx_word' id='word_1_53' title='bbox 722 589 882 629; x_wconf 80' lang='lat' dir='ltr'>euadunt</span> <span class='ocrx_word' id='word_1_54' title='bbox 902 618 912 637; x_wconf 85' lang='lat'>‚</span> <span class='ocrx_word' id='word_1_55' title='bbox 932 588 1055 629; x_wconf 89' lang='lat' dir='ltr'>minus</span> <span class='ocrx_word' id='word_1_56' title='bbox 1072 599 1199 630; x_wconf 85' lang='lat' dir='ltr'>autem</span> <span class='ocrx_word' id='word_1_57' title='bbox 1218 593 1321 645; x_wconf 92' lang='lat' dir='ltr'>quod</span> <span class='ocrx_word' id='word_1_58' title='bbox 1341 595 1386 636; x_wconf 89' lang='lat' dir='ltr'>ad</span> <span class='ocrx_word' id='word_1_59' title='bbox 1404 596 1464 649; x_wconf 83' lang='lat' dir='ltr'>pi-</span> 
     </span>
     <span class='ocr_line' id='line_1_8' title="bbox 155 649 1461 709; baseline 0.006 -19"><span class='ocrx_word' id='word_1_60' title='bbox 155 651 213 690; x_wconf 87' lang='lat' dir='ltr'>los</span> <span class='ocrx_word' id='word_1_61' title='bbox 231 651 396 704; x_wconf 74' lang='lat' dir='ltr'>speciosa.</span> <span class='ocrx_word' id='word_1_62' title='bbox 433 649 492 706; x_wconf 84' lang='lat'>3.)</span> <span class='ocrx_word' id='word_1_63' title='bbox 525 650 671 692; x_wconf 86' lang='lat' dir='ltr'>Offibus</span> <span class='ocrx_word' id='word_1_64' title='bbox 688 663 738 691; x_wconf 85' lang='lat' dir='ltr'>ex</span> <span class='ocrx_word' id='word_1_65' title='bbox 758 652 920 692; x_wconf 77' lang='lat' dir='ltr'>latorum</span> <span class='ocrx_word' id='word_1_66' title='bbox 940 650 1004 691; x_wconf 83' lang='lat' dir='ltr'>alis</span> <span class='ocrx_word' id='word_1_67' title='bbox 1019 653 1117 705; x_wconf 80' lang='lat' dir='ltr'>pilos</span> <span class='ocrx_word' id='word_1_68' title='bbox 1134 657 1354 697; x_wconf 81' lang='lat' dir='ltr'>coordinant</span> <span class='ocrx_word' id='word_1_69' title='bbox 1372 690 1382 709; x_wconf 91' lang='lat'>,</span> <span class='ocrx_word' id='word_1_70' title='bbox 1422 669 1461 698; x_wconf 84' lang='lat' dir='ltr'>et</span> 
     </span>
     <span class='ocr_line' id='line_1_9' title="bbox 155 713 1461 769; baseline -0.001 -16"><span class='ocrx_word' id='word_1_71' title='bbox 155 714 241 754; x_wconf 88' lang='lat' dir='ltr'>nudi</span> <span class='ocrx_word' id='word_1_72' title='bbox 257 728 325 768; x_wconf 89' lang='lat' dir='ltr'>per</span> <span class='ocrx_word' id='word_1_73' title='bbox 341 715 478 767; x_wconf 81' lang='lat' dir='ltr'>aliquot</span> <span class='ocrx_word' id='word_1_74' title='bbox 497 714 717 767; x_wconf 82' lang='lat' dir='ltr'>septimanas</span> <span class='ocrx_word' id='word_1_75' title='bbox 735 713 842 767; x_wconf 89' lang='lat' dir='ltr'>super</span> <span class='ocrx_word' id='word_1_76' title='bbox 858 713 928 752; x_wconf 90' lang='lat' dir='ltr'>illis</span> <span class='ocrx_word' id='word_1_77' title='bbox 945 714 1138 755; x_wconf 90' lang='lat' dir='ltr'>dormiunt</span> <span class='ocrx_word' id='word_1_78' title='bbox 1156 748 1167 768; x_wconf 80' lang='lat'>,</span> <span class='ocrx_word' id='word_1_79' title='bbox 1201 730 1277 769; x_wconf 90' lang='lat' dir='ltr'>quo</span> <span class='ocrx_word' id='word_1_80' title='bbox 1302 720 1461 761; x_wconf 70' lang='lat' dir='ltr'>lucjdjo„</span> 
     </span>
     <span class='ocr_line' id='line_1_10' title="bbox 153 776 1454 832; baseline 0.003 -16"><span class='ocrx_word' id='word_1_81' title='bbox 153 788 210 816; x_wconf 87' lang='lat' dir='ltr'>res</span> <span class='ocrx_word' id='word_1_82' title='bbox 227 809 237 828; x_wconf 88' lang='lat'>,</span> <span class='ocrx_word' id='word_1_83' title='bbox 270 778 495 832; x_wconf 82' lang='lat' dir='ltr'>pulchriores</span> <span class='ocrx_word' id='word_1_84' title='bbox 515 788 552 818; x_wconf 91' lang='lat' dir='ltr'>et</span> <span class='ocrx_word' id='word_1_85' title='bbox 570 778 785 818; x_wconf 86' lang='lat' dir='ltr'>mundiores</span> <span class='ocrx_word' id='word_1_86' title='bbox 802 777 959 817; x_wconf 82' lang='lat' dir='ltr'>euadant</span> <span class='ocrx_word' id='word_1_87' title='bbox 977 808 987 828; x_wconf 91' lang='lat'>,</span> <span class='ocrx_word' id='word_1_88' title='bbox 1021 776 1120 817; x_wconf 91' lang='lat' dir='ltr'>hunc</span> <span class='ocrx_word' id='word_1_89' title='bbox 1147 779 1313 820; x_wconf 82' lang='lat' dir='ltr'>laborem</span> <span class='ocrx_word' id='word_1_90' title='bbox 1349 783 1454 823; x_wconf 83' lang='lat' dir='ltr'>Rusfi</span> 
     </span>
     <span class='ocr_line' id='line_1_11' title="bbox 152 837 1462 897; baseline 0.001 -18"><span class='ocrx_word' id='word_1_91' title='bbox 152 850 292 881; x_wconf 81' lang='lat' dir='ltr'>vocant</span> <span class='ocrx_word' id='word_1_92' title='bbox 344 840 508 894; x_wconf 84' lang='lat' dir='ltr'>Wyspat</span> <span class='ocrx_word' id='word_1_93' title='bbox 557 839 674 881; x_wconf 90' lang='lat' dir='ltr'>Bobr.</span> <span class='ocrx_word' id='word_1_94' title='bbox 747 838 809 895; x_wconf 87' lang='lat'>4.)</span> <span class='ocrx_word' id='word_1_95' title='bbox 874 837 1022 880; x_wconf 69' lang='lat' dir='ltr'>Cafficci</span> <span class='ocrx_word' id='word_1_96' title='bbox 1059 839 1150 880; x_wconf 90' lang='lat' dir='ltr'>dum</span> <span class='ocrx_word' id='word_1_97' title='bbox 1188 854 1208 882; x_wconf 84' lang='lat' dir='ltr'>a</span> <span class='ocrx_word' id='word_1_98' title='bbox 1260 845 1462 897; x_wconf 72' lang='lat' dir='ltr'>gentilibus</span> 
     </span>
     <span class='ocr_line' id='line_1_12' title="bbox 159 903 1460 962; baseline 0.005 -19"><span class='ocrx_word' id='word_1_99' title='bbox 159 903 406 945; x_wconf 81' lang='lat' dir='ltr'>nanciscuntur</span> <span class='ocrx_word' id='word_1_100' title='bbox 431 904 563 957; x_wconf 80' lang='lat' dir='ltr'>pelles,</span> <span class='ocrx_word' id='word_1_101' title='bbox 595 904 702 957; x_wconf 89' lang='lat' dir='ltr'>super</span> <span class='ocrx_word' id='word_1_102' title='bbox 738 905 826 944; x_wconf 88' lang='lat' dir='ltr'>niue</span> <span class='ocrx_word' id='word_1_103' title='bbox 850 915 910 943; x_wconf 84' lang='lat' dir='ltr'>eas</span> <span class='ocrx_word' id='word_1_104' title='bbox 928 904 1071 957; x_wconf 81' lang='lat' dir='ltr'>saepius</span> <span class='ocrx_word' id='word_1_105' title='bbox 1088 903 1226 945; x_wconf 87' lang='lat' dir='ltr'>baculis</span> <span class='ocrx_word' id='word_1_106' title='bbox 1243 909 1460 962; x_wconf 82' lang='lat' dir='ltr'>verberant,</span> 
     </span>
     <span class='ocr_line' id='line_1_13' title="bbox 147 965 1458 1020; baseline 0 -13"><span class='ocrx_word' id='word_1_107' title='bbox 147 965 175 1007; x_wconf 87' lang='lat' dir='ltr'>fi</span> <span class='ocrx_word' id='word_1_108' title='bbox 195 967 288 1019; x_wconf 89' lang='lat' dir='ltr'>pilus</span> <span class='ocrx_word' id='word_1_109' title='bbox 306 966 417 1008; x_wconf 89' lang='lat' dir='ltr'>fuscus</span> <span class='ocrx_word' id='word_1_110' title='bbox 434 978 496 1008; x_wconf 83' lang='lat' dir='ltr'>aut</span> <span class='ocrx_word' id='word_1_111' title='bbox 514 968 659 1008; x_wconf 88' lang='lat' dir='ltr'>alterius</span> <span class='ocrx_word' id='word_1_112' title='bbox 676 979 790 1020; x_wconf 84' lang='lat' dir='ltr'>quam</span> <span class='ocrx_word' id='word_1_113' title='bbox 807 967 904 1020; x_wconf 86' lang='lat' dir='ltr'>nigri</span> <span class='ocrx_word' id='word_1_114' title='bbox 922 966 1072 1018; x_wconf 82' lang='lat' dir='ltr'>coloris,</span> <span class='ocrx_word' id='word_1_115' title='bbox 1096 967 1265 1008; x_wconf 91' lang='lat' dir='ltr'>colorem</span> <span class='ocrx_word' id='word_1_116' title='bbox 1283 972 1458 1012; x_wconf 79' lang='lat' dir='ltr'>inducunt</span> 
     </span>
     <span class='ocr_line' id='line_1_14' title="bbox 147 1029 1459 1083; baseline 0.002 -15"><span class='ocrx_word' id='word_1_117' title='bbox 147 1040 197 1068; x_wconf 90' lang='lat' dir='ltr'>ex</span> <span class='ocrx_word' id='word_1_118' title='bbox 213 1029 378 1071; x_wconf 81' lang='lat' dir='ltr'>alumine</span> <span class='ocrx_word' id='word_1_119' title='bbox 397 1040 436 1070; x_wconf 88' lang='lat' dir='ltr'>et</span> <span class='ocrx_word' id='word_1_120' title='bbox 463 1031 582 1071; x_wconf 82' lang='lat' dir='ltr'>baccis</span> <span class='ocrx_word' id='word_1_121' title='bbox 608 1030 788 1083; x_wconf 88' lang='lat' dir='ltr'>Empetri</span> <span class='ocrx_word' id='word_1_122' title='bbox 825 1031 870 1070; x_wconf 83' lang='lat' dir='ltr'>ad</span> <span class='ocrx_word' id='word_1_123' title='bbox 905 1029 1176 1070; x_wconf 79' lang='lat' dir='ltr'>consistentiam</span> <span class='ocrx_word' id='word_1_124' title='bbox 1214 1033 1333 1074; x_wconf 62' lang='lat' dir='ltr'>coetis</span> <span class='ocrx_word' id='word_1_125' title='bbox 1368 1047 1459 1075; x_wconf 88' lang='lat' dir='ltr'>cum</span> 
     </span>
     <span class='ocr_line' id='line_1_15' title="bbox 149 1092 1463 1150; baseline 0.004 -20"><span class='ocrx_word' id='word_1_126' title='bbox 149 1092 376 1144; x_wconf 89' lang='lat' dir='ltr'>pinguedine</span> <span class='ocrx_word' id='word_1_127' title='bbox 394 1093 567 1145; x_wconf 84' lang='lat' dir='ltr'>piscium,</span> <span class='ocrx_word' id='word_1_128' title='bbox 588 1106 609 1133; x_wconf 83' lang='lat' dir='ltr'><strong>a</strong></span> <span class='ocrx_word' id='word_1_129' title='bbox 629 1105 705 1150; x_wconf 85' lang='lat' dir='ltr'>quo</span> <span class='ocrx_word' id='word_1_130' title='bbox 721 1092 957 1145; x_wconf 87' lang='lat' dir='ltr'>splendorem</span> <span class='ocrx_word' id='word_1_131' title='bbox 976 1101 1015 1130; x_wconf 91' lang='lat' dir='ltr'>et</span> <span class='ocrx_word' id='word_1_132' title='bbox 1032 1093 1223 1143; x_wconf 86' lang='lat' dir='ltr'>nigrorem</span> <span class='ocrx_word' id='word_1_133' title='bbox 1245 1095 1463 1135; x_wconf 86' lang='lat' dir='ltr'>nanciscun-</span> 
     </span>
    </p>
   </div>
   <div class='ocr_carea' id='block_1_3' title="bbox 143 1153 1454 1274">
    <p class='ocr_par' dir='ltr' id='par_1_3' title="bbox 143 1153 1454 1274">
     <span class='ocr_line' id='line_1_16' title="bbox 145 1153 1454 1210; baseline 0.006 -19"><span class='ocrx_word' id='word_1_134' title='bbox 145 1161 204 1193; x_wconf 84' lang='lat' dir='ltr'>tur</span> <span class='ocrx_word' id='word_1_135' title='bbox 220 1185 232 1204; x_wconf 89' lang='lat'>‚</span> <span class='ocrx_word' id='word_1_136' title='bbox 263 1154 496 1204; x_wconf 80' lang='lat' dir='ltr'>cognoscitur</span> <span class='ocrx_word' id='word_1_137' title='bbox 512 1163 638 1192; x_wconf 81' lang='lat' dir='ltr'>autem</span> <span class='ocrx_word' id='word_1_138' title='bbox 659 1157 752 1193; x_wconf 77' lang='lat' dir='ltr'>fraus</span> <span class='ocrx_word' id='word_1_139' title='bbox 772 1184 782 1202; x_wconf 83' lang='lat'>‚</span> <span class='ocrx_word' id='word_1_140' title='bbox 817 1155 907 1192; x_wconf 87' lang='lat' dir='ltr'>dum</span> <span class='ocrx_word' id='word_1_141' title='bbox 928 1153 1027 1205; x_wconf 85' lang='lat' dir='ltr'>pilus</span> <span class='ocrx_word' id='word_1_142' title='bbox 1040 1153 1211 1194; x_wconf 86' lang='lat' dir='ltr'>euellitur</span> <span class='ocrx_word' id='word_1_143' title='bbox 1248 1157 1454 1210; x_wconf 74' lang='lat' dir='ltr'>solitarius,</span> 
     </span>
     <span class='ocr_line' id='line_1_17' title="bbox 143 1214 1454 1274; baseline 0.002 -19"><span class='ocrx_word' id='word_1_144' title='bbox 143 1228 186 1256; x_wconf 84' lang='lat' dir='ltr'>ac</span> <span class='ocrx_word' id='word_1_145' title='bbox 205 1214 338 1268; x_wconf 85' lang='lat' dir='ltr'>triplex</span> <span class='ocrx_word' id='word_1_146' title='bbox 355 1215 461 1254; x_wconf 93' lang='lat' dir='ltr'>color</span> <span class='ocrx_word' id='word_1_147' title='bbox 479 1222 631 1266; x_wconf 79' lang='lat' dir='ltr'>apparet</span> <span class='ocrx_word' id='word_1_148' title='bbox 649 1214 817 1250; x_wconf 63' lang='lat' dir='ltr'>inductu&gt;</span> <span class='ocrx_word' id='word_1_149' title='bbox 836 1215 938 1261; x_wconf 65' lang='lat' dir='ltr'>niger</span> <span class='ocrx_word' id='word_1_150' title='bbox 958 1216 996 1248; x_wconf 78' lang='lat' dir='ltr'>in</span> <span class='ocrx_word' id='word_1_151' title='bbox 1016 1214 1228 1255; x_wconf 78' lang='lat' dir='ltr'>summitate</span> <span class='ocrx_word' id='word_1_152' title='bbox 1245 1230 1282 1256; x_wconf 86' lang='lat' dir='ltr'>et</span> <span class='ocrx_word' id='word_1_153' title='bbox 1309 1222 1454 1274; x_wconf 47' lang='lat' dir='ltr'>medies</span> 
     </span>
    </p>
   </div>
   <div class='ocr_carea' id='block_1_4' title="bbox 140 1271 1140 1330">
    <p class='ocr_par' dir='ltr' id='par_1_4' title="bbox 140 1271 1140 1330">
     <span class='ocr_line' id='line_1_18' title="bbox 140 1271 1140 1330; baseline -0.003 -13"><span class='ocrx_word' id='word_1_154' title='bbox 140 1286 217 1317; x_wconf 86' lang='lat' dir='ltr'>tate</span> <span class='ocrx_word' id='word_1_155' title='bbox 233 1276 301 1330; x_wconf 91' lang='lat' dir='ltr'>pili</span> <span class='ocrx_word' id='word_1_156' title='bbox 319 1276 462 1316; x_wconf 83' lang='lat' dir='ltr'>natiuus</span> <span class='ocrx_word' id='word_1_157' title='bbox 480 1275 618 1316; x_wconf 84' lang='lat' dir='ltr'>abhinc</span> <span class='ocrx_word' id='word_1_158' title='bbox 637 1303 648 1325; x_wconf 93' lang='lat'>‚</span> <span class='ocrx_word' id='word_1_159' title='bbox 684 1281 720 1314; x_wconf 85' lang='lat' dir='ltr'>et</span> <span class='ocrx_word' id='word_1_160' title='bbox 739 1272 896 1326; x_wconf 89' lang='lat' dir='ltr'>denique</span> <span class='ocrx_word' id='word_1_161' title='bbox 914 1271 1042 1313; x_wconf 89' lang='lat' dir='ltr'>fundus</span> <span class='ocrx_word' id='word_1_162' title='bbox 1058 1272 1140 1328; x_wconf 86' lang='lat' dir='ltr'>pili.</span> 
     </span>
    </p>
   </div>
   <div class='ocr_carea' id='block_1_5' title="bbox 132 1403 1455 2145">
    <p class='ocr_par' dir='ltr' id='par_1_5' title="bbox 132 1403 1455 2145">
     <span class='ocr_line' id='line_1_19' title="bbox 250 1403 1445 1466; baseline 0.005 -21"><span class='ocrx_word' id='word_1_163' title='bbox 250 1403 362 1446; x_wconf 89' lang='lat' dir='ltr'>Dum</span> <span class='ocrx_word' id='word_1_164' title='bbox 382 1405 558 1446; x_wconf 77' lang='lat' dir='ltr'>lutrarum</span> <span class='ocrx_word' id='word_1_165' title='bbox 578 1404 692 1459; x_wconf 84' lang='lat' dir='ltr'>pelles</span> <span class='ocrx_word' id='word_1_166' title='bbox 727 1413 991 1459; x_wconf 76' lang='lat' dir='ltr'>praeparantur</span> <span class='ocrx_word' id='word_1_167' title='bbox 1038 1406 1084 1445; x_wconf 82' lang='lat' dir='ltr'>ad</span> <span class='ocrx_word' id='word_1_168' title='bbox 1119 1405 1224 1446; x_wconf 72' lang='lat' dir='ltr'>vsum</span> <span class='ocrx_word' id='word_1_169' title='bbox 1245 1438 1255 1457; x_wconf 86' lang='lat'>,</span> <span class='ocrx_word' id='word_1_170' title='bbox 1288 1411 1445 1466; x_wconf 79' lang='lat' dir='ltr'>gentiles</span> 
     </span>
     <span class='ocr_line' id='line_1_20' title="bbox 143 1467 1453 1526; baseline 0.005 -17"><span class='ocrx_word' id='word_1_171' title='bbox 143 1467 329 1521; x_wconf 85' lang='lat' dir='ltr'>sequentia</span> <span class='ocrx_word' id='word_1_172' title='bbox 348 1469 467 1509; x_wconf 86' lang='lat' dir='ltr'>adhuc</span> <span class='ocrx_word' id='word_1_173' title='bbox 486 1469 690 1522; x_wconf 89' lang='lat' dir='ltr'>suscipiunt.</span> <span class='ocrx_word' id='word_1_174' title='bbox 735 1468 926 1521; x_wconf 83' lang='lat' dir='ltr'>Inuugunt</span> <span class='ocrx_word' id='word_1_175' title='bbox 959 1469 1121 1508; x_wconf 68' lang='lat' dir='ltr'>auerfiim</span> <span class='ocrx_word' id='word_1_176' title='bbox 1158 1480 1304 1522; x_wconf 78' lang='lat' dir='ltr'>partem</span> <span class='ocrx_word' id='word_1_177' title='bbox 1345 1475 1453 1526; x_wconf 84' lang='lat' dir='ltr'>pellis</span> 
     </span>
     <span class='ocr_line' id='line_1_21' title="bbox 135 1531 1451 1585; baseline 0.001 -13"><span class='ocrx_word' id='word_1_178' title='bbox 135 1543 224 1572; x_wconf 87' lang='lat' dir='ltr'>cum</span> <span class='ocrx_word' id='word_1_179' title='bbox 242 1534 322 1572; x_wconf 76' lang='lat' dir='ltr'>ouis</span> <span class='ocrx_word' id='word_1_180' title='bbox 338 1531 491 1585; x_wconf 89' lang='lat' dir='ltr'>piscium</span> <span class='ocrx_word' id='word_1_181' title='bbox 513 1532 701 1572; x_wconf 77' lang='lat' dir='ltr'>exsiccatis</span> <span class='ocrx_word' id='word_1_182' title='bbox 733 1541 771 1571; x_wconf 91' lang='lat' dir='ltr'>et</span> <span class='ocrx_word' id='word_1_183' title='bbox 789 1533 825 1572; x_wconf 86' lang='lat' dir='ltr'>in</span> <span class='ocrx_word' id='word_1_184' title='bbox 843 1531 997 1571; x_wconf 74' lang='lat' dir='ltr'>fiirinam</span> <span class='ocrx_word' id='word_1_185' title='bbox 1018 1532 1174 1571; x_wconf 80' lang='lat' dir='ltr'>contusis</span> <span class='ocrx_word' id='word_1_186' title='bbox 1194 1564 1205 1583; x_wconf 74' lang='lat'>,</span> <span class='ocrx_word' id='word_1_187' title='bbox 1223 1543 1267 1573; x_wconf 82' lang='lat' dir='ltr'>vt</span> <span class='ocrx_word' id='word_1_188' title='bbox 1284 1536 1451 1579; x_wconf 83' lang='lat' dir='ltr'>Rutheni</span> 
     </span>
     <span class='ocr_line' id='line_1_22' title="bbox 133 1594 1455 1654; baseline 0.005 -20"><span class='ocrx_word' id='word_1_189' title='bbox 133 1607 222 1638; x_wconf 87' lang='lat' dir='ltr'>cum</span> <span class='ocrx_word' id='word_1_190' title='bbox 243 1603 430 1635; x_wconf 82' lang='lat' dir='ltr'>attenuato</span> <span class='ocrx_word' id='word_1_191' title='bbox 448 1594 636 1635; x_wconf 87' lang='lat' dir='ltr'>fermento</span> <span class='ocrx_word' id='word_1_192' title='bbox 653 1595 756 1648; x_wconf 77' lang='lat' dir='ltr'>panis</span> <span class='ocrx_word' id='word_1_193' title='bbox 774 1627 785 1645; x_wconf 79' lang='lat'><strong>‚</strong></span> <span class='ocrx_word' id='word_1_194' title='bbox 816 1595 901 1634; x_wconf 85' lang='lat' dir='ltr'>dein</span> <span class='ocrx_word' id='word_1_195' title='bbox 929 1595 1068 1647; x_wconf 88' lang='lat' dir='ltr'>pellem</span> <span class='ocrx_word' id='word_1_196' title='bbox 1107 1596 1350 1638; x_wconf 79' lang='lat' dir='ltr'>conuolutam</span> <span class='ocrx_word' id='word_1_197' title='bbox 1381 1614 1455 1654; x_wconf 74' lang='lat' dir='ltr'>per</span> 
     </span>
     <span class='ocr_line' id='line_1_23' title="bbox 134 1657 1452 1718; baseline 0.003 -19"><span class='ocrx_word' id='word_1_198' title='bbox 134 1661 272 1709; x_wconf 85' lang='lat' dir='ltr'>aliquot</span> <span class='ocrx_word' id='word_1_199' title='bbox 288 1658 366 1699; x_wconf 85' lang='lat' dir='ltr'>dies</span> <span class='ocrx_word' id='word_1_200' title='bbox 382 1667 570 1711; x_wconf 90' lang='lat' dir='ltr'>reponunt</span> <span class='ocrx_word' id='word_1_201' title='bbox 586 1691 597 1710; x_wconf 88' lang='lat'>‚</span> <span class='ocrx_word' id='word_1_202' title='bbox 632 1659 757 1712; x_wconf 78' lang='lat' dir='ltr'>postea</span> <span class='ocrx_word' id='word_1_203' title='bbox 775 1657 984 1708; x_wconf 86' lang='lat' dir='ltr'>conchyliis</span> <span class='ocrx_word' id='word_1_204' title='bbox 1001 1667 1039 1697; x_wconf 90' lang='lat' dir='ltr'>et</span> <span class='ocrx_word' id='word_1_205' title='bbox 1067 1658 1221 1699; x_wconf 83' lang='lat' dir='ltr'>filicibus</span> <span class='ocrx_word' id='word_1_206' title='bbox 1255 1660 1416 1717; x_wconf 75' lang='lat' dir='ltr'>scalpunt</span> <span class='ocrx_word' id='word_1_207' title='bbox 1437 1699 1452 1718; x_wconf 70' lang='lat'>‚</span> 
     </span>
     <span class='ocr_line' id='line_1_24' title="bbox 134 1720 1450 1780; baseline 0.003 -17"><span class='ocrx_word' id='word_1_208' title='bbox 134 1720 291 1771; x_wconf 89' lang='lat' dir='ltr'>denique</span> <span class='ocrx_word' id='word_1_209' title='bbox 311 1722 456 1771; x_wconf 89' lang='lat' dir='ltr'>pumice</span> <span class='ocrx_word' id='word_1_210' title='bbox 473 1722 652 1772; x_wconf 77' lang='lat' dir='ltr'>laeuigant</span> <span class='ocrx_word' id='word_1_211' title='bbox 673 1753 683 1770; x_wconf 83' lang='lat'>,</span> <span class='ocrx_word' id='word_1_212' title='bbox 717 1722 843 1774; x_wconf 88' lang='lat' dir='ltr'>ligneo</span> <span class='ocrx_word' id='word_1_213' title='bbox 863 1734 963 1761; x_wconf 91' lang='lat' dir='ltr'>vnco</span> <span class='ocrx_word' id='word_1_214' title='bbox 979 1732 1057 1761; x_wconf 81' lang='lat' dir='ltr'>tam</span> <span class='ocrx_word' id='word_1_215' title='bbox 1077 1722 1139 1762; x_wconf 90' lang='lat' dir='ltr'>diu</span> <span class='ocrx_word' id='word_1_216' title='bbox 1174 1724 1334 1764; x_wconf 71' lang='lat' dir='ltr'>auerfiim</span> <span class='ocrx_word' id='word_1_217' title='bbox 1363 1740 1450 1780; x_wconf 52' lang='lat' dir='ltr'>para</span> 
     </span>
     <span class='ocr_line' id='line_1_25' title="bbox 134 1782 1449 1833; baseline 0.008 -14"><span class='ocrx_word' id='word_1_218' title='bbox 134 1793 214 1825; x_wconf 83' lang='lat' dir='ltr'>tem</span> <span class='ocrx_word' id='word_1_219' title='bbox 235 1790 357 1820; x_wconf 88' lang='lat' dir='ltr'>terunt</span> <span class='ocrx_word' id='word_1_220' title='bbox 377 1782 514 1833; x_wconf 78' lang='lat' dir='ltr'>pariter</span> <span class='ocrx_word' id='word_1_221' title='bbox 531 1794 571 1821; x_wconf 85' lang='lat' dir='ltr'>ac</span> <span class='ocrx_word' id='word_1_222' title='bbox 590 1784 755 1822; x_wconf 80' lang='lat' dir='ltr'>manibus</span> <span class='ocrx_word' id='word_1_223' title='bbox 777 1813 787 1829; x_wconf 77' lang='lat'><strong>‚</strong></span> <span class='ocrx_word' id='word_1_224' title='bbox 807 1784 924 1822; x_wconf 84' lang='lat' dir='ltr'>donec</span> <span class='ocrx_word' id='word_1_225' title='bbox 944 1796 964 1822; x_wconf 83' lang='lat' dir='ltr'>a</span> <span class='ocrx_word' id='word_1_226' title='bbox 983 1784 1095 1823; x_wconf 73' lang='lat' dir='ltr'>maffi</span> <span class='ocrx_word' id='word_1_227' title='bbox 1115 1784 1331 1826; x_wconf 72' lang='lat' dir='ltr'>fermentata</span> <span class='ocrx_word' id='word_1_228' title='bbox 1354 1802 1449 1830; x_wconf 77' lang='lat' dir='ltr'>ouo-</span> 
     </span>
     <span class='ocr_line' id='line_1_26' title="bbox 134 1843 1446 1897; baseline -0.002 -9"><span class='ocrx_word' id='word_1_229' title='bbox 134 1861 216 1888; x_wconf 90' lang='lat' dir='ltr'>rum</span> <span class='ocrx_word' id='word_1_230' title='bbox 233 1843 425 1885; x_wconf 84' lang='lat' dir='ltr'>mollescat</span> <span class='ocrx_word' id='word_1_231' title='bbox 443 1855 480 1883; x_wconf 89' lang='lat' dir='ltr'>et</span> <span class='ocrx_word' id='word_1_232' title='bbox 498 1845 622 1884; x_wconf 81' lang='lat' dir='ltr'>omnis</span> <span class='ocrx_word' id='word_1_233' title='bbox 640 1845 827 1897; x_wconf 82' lang='lat' dir='ltr'>pinguedo</span> <span class='ocrx_word' id='word_1_234' title='bbox 845 1845 970 1885; x_wconf 77' lang='lat' dir='ltr'>mollis</span> <span class='ocrx_word' id='word_1_235' title='bbox 986 1856 1022 1884; x_wconf 88' lang='lat' dir='ltr'>et</span> <span class='ocrx_word' id='word_1_236' title='bbox 1041 1846 1178 1885; x_wconf 79' lang='lat' dir='ltr'>flexilis</span> <span class='ocrx_word' id='word_1_237' title='bbox 1192 1849 1333 1889; x_wconf 81' lang='lat' dir='ltr'>euadat.</span> <span class='ocrx_word' id='word_1_238' title='bbox 1363 1853 1446 1894; x_wconf 80' lang='lat' dir='ltr'>Re-</span> 
     </span>
     <span class='ocr_line' id='line_1_27' title="bbox 133 1908 1446 1967; baseline 0.005 -17"><span class='ocrx_word' id='word_1_239' title='bbox 133 1908 447 1964; x_wconf 78' lang='lat' dir='ltr'>liquaelutrm1m</span> <span class='ocrx_word' id='word_1_240' title='bbox 469 1908 581 1959; x_wconf 79' lang='lat' dir='ltr'>pelles</span> <span class='ocrx_word' id='word_1_241' title='bbox 599 1920 732 1947; x_wconf 82' lang='lat' dir='ltr'>omnes</span> <span class='ocrx_word' id='word_1_242' title='bbox 752 1942 762 1960; x_wconf 81' lang='lat'>,</span> <span class='ocrx_word' id='word_1_243' title='bbox 796 1921 888 1960; x_wconf 79' lang='lat' dir='ltr'>quae</span> <span class='ocrx_word' id='word_1_244' title='bbox 912 1909 1186 1949; x_wconf 74' lang='lat' dir='ltr'>mercatoribus</span> <span class='ocrx_word' id='word_1_245' title='bbox 1209 1913 1446 1967; x_wconf 79' lang='lat' dir='ltr'>venduntur,</span> 
     </span>
     <span class='ocr_line' id='line_1_28' title="bbox 133 1972 1449 2027; baseline -0.003 -13"><span class='ocrx_word' id='word_1_246' title='bbox 133 1975 240 2014; x_wconf 79' lang='lat' dir='ltr'>rudes</span> <span class='ocrx_word' id='word_1_247' title='bbox 256 1972 386 2025; x_wconf 81' lang='lat' dir='ltr'>absque</span> <span class='ocrx_word' id='word_1_248' title='bbox 403 1972 476 2011; x_wconf 80' lang='lat' dir='ltr'>vlla</span> <span class='ocrx_word' id='word_1_249' title='bbox 496 1972 780 2024; x_wconf 72' lang='lat' dir='ltr'>praeparatione</span> <span class='ocrx_word' id='word_1_250' title='bbox 799 1980 1052 2024; x_wconf 81' lang='lat' dir='ltr'>exportantur</span> <span class='ocrx_word' id='word_1_251' title='bbox 1071 2004 1081 2021; x_wconf 88' lang='lat'>‚</span> <span class='ocrx_word' id='word_1_252' title='bbox 1117 1972 1169 2011; x_wconf 91' lang='lat' dir='ltr'>ob</span> <span class='ocrx_word' id='word_1_253' title='bbox 1188 1974 1227 2013; x_wconf 93' lang='lat' dir='ltr'>id</span> <span class='ocrx_word' id='word_1_254' title='bbox 1246 1978 1344 2027; x_wconf 89' lang='lat' dir='ltr'>quod</span> <span class='ocrx_word' id='word_1_255' title='bbox 1375 1979 1449 2019; x_wconf 82' lang='lat' dir='ltr'>ob-</span> 
     </span>
     <span class='ocr_line' id='line_1_29' title="bbox 132 2033 1446 2088; baseline 0.008 -14"><span class='ocrx_word' id='word_1_256' title='bbox 132 2036 310 2076; x_wconf 72' lang='lat' dir='ltr'>seruatum</span> <span class='ocrx_word' id='word_1_257' title='bbox 353 2036 439 2088; x_wconf 81' lang='lat' dir='ltr'>fuit,</span> <span class='ocrx_word' id='word_1_258' title='bbox 486 2033 550 2075; x_wconf 79' lang='lat' dir='ltr'>has</span> <span class='ocrx_word' id='word_1_259' title='bbox 578 2036 683 2076; x_wconf 74' lang='lat' dir='ltr'>rudes</span> <span class='ocrx_word' id='word_1_260' title='bbox 718 2035 888 2074; x_wconf 82' lang='lat' dir='ltr'>colorem</span> <span class='ocrx_word' id='word_1_261' title='bbox 934 2036 1105 2076; x_wconf 78' lang='lat' dir='ltr'>natiuum</span> <span class='ocrx_word' id='word_1_262' title='bbox 1147 2036 1446 2084; x_wconf 70' lang='lat' dir='ltr'>constantiorem</span> 
     </span>
     <span class='ocr_line' id='line_1_30' title="bbox 135 2100 288 2145; baseline 0.026 -4"><span class='ocrx_word' id='word_1_263' title='bbox 135 2100 288 2145; x_wconf 70' lang='lat' dir='ltr'>seruate-</span> 
     </span>
    </p>
   </div>
  </div>
 </body>
</html>
