1971 2700
353 158 614 204 ECLIPSES
646 155 1071 207 LVMINARIVM.
1359 164 1418 214 46
1425 173 1446 214 ς

137 274 275 317 lineam
307 271 336 315 S
352 272 391 313 T
410 305 421 325 ,
453 273 513 314 seu
544 272 695 327 angulus
735 273 772 315 E
791 272 817 316 S
835 274 874 315 T
906 274 1175 329 inueniantur;
1225 272 1314 315 illud
1347 276 1452 318 enim

136 338 190 378 est
221 346 347 378 motus
378 335 507 377 Lunae
538 336 578 376 in
610 337 740 378 semita
773 339 848 378 eius
867 370 878 389 ‚
914 338 977 379 hic
1009 347 1133 379 autem
1176 336 1367 378 inclinatio
1400 338 1453 379 se-

138 403 256 442 mitae
288 400 335 440 ad
371 399 593 453 parallelum
627 399 759 441 Lunae
791 402 955 455 quaesiti.
1023 401 1215 442 Praeterea
1236 398 1295 439 2⁶¹⁰
1322 401 1362 441 in
1387 401 1452 442 iis-

137 465 225 505 dem
261 463 442 516 requisitis
475 464 611 504 dantur
628 496 640 515 ‚
672 465 718 505 ad
751 473 904 518 tempus
944 465 1134 519 Vtriusque
1183 464 1453 507 obseruationis

137 527 341 580 afl‘umptae
361 560 373 579 ,
406 525 601 567 distantiae
633 537 853 569 centrorum
886 528 1015 570 Lunae
1048 538 1086 569 et
1126 528 1288 569 vmbrae
1336 529 1453 569 etiam

137 592 300 646 partibus
330 589 462 632 circuli
493 590 660 631 maximi
692 594 886 645 expressae
901 625 913 645 ,
955 604 1158 646 earumque
1195 591 1455 633 inclinationes

138 654 185 695 ad
219 655 394 696 diurnum
427 652 555 694 Lunae
574 686 584 706 ‚
616 663 655 694 et
687 655 884 696 inclinatio
917 655 1038 696 diurni
1087 654 1219 696 Lunae
1251 656 1300 697 ad
1333 654 1455 710 paral-

137 718 251 759 lelum
286 717 407 757 stellae
426 750 438 770 ,
470 717 531 757 vel
560 730 820 773 quemcunque
853 718 1072 773 parallelum
1102 718 1216 759 alium
1236 751 1248 770 ,
1288 718 1366 759 hoc
1398 717 1454 759 est

137 792 179 821 et
208 781 252 821 ad
286 781 506 836 parallelum
538 780 670 822 Lunae
701 781 805 836 supra
837 781 1065 835 descriptum
1082 814 1094 834 ‚
1126 782 1262 835 vnde3
1297 781 1324 822 si
1342 793 1450 822 nem·

137 857 188 898 pe
218 844 309 884 haec
356 845 441 884 data
471 857 560 886 cum
594 843 700 899 supra
732 846 893 886 inuentis
910 853 1220 898 componantur,
1254 844 1448 885 inclinatio

137 910 257 948 etiam
290 907 438 950 illarum
473 908 520 949 ad
553 909 771 963 parallelum
791 908 920 950 Lunae
950 906 978 950 S
998 908 1036 949 T
1067 910 1172 963 supra
1188 908 1417 963 descriptum
1435 939 1449 960 ,

137 981 179 1012 et
211 971 256 1012 ad
287 970 459 1013 semitam
491 970 623 1013 Lunae
652 970 679 1014 S
698 974 734 1014 E
770 973 926 1015 dabitur.
962 969 1076 1013 Datis
1106 980 1233 1013 autem
1268 970 1327 1013 his
1344 1003 1357 1023 ,
1394 969 1451 1011 fit-

136 1035 198 1076 cili
231 1036 386 1088 negotio
416 1035 658 1089 consequetur
690 1037 944 1090 propositum.
980 1035 1226 1090 Representet
1257 1035 1364 1075 enim
1405 1034 1450 1075 li-

135 1110 205 1138 nea
223 1097 249 1138 S
265 1099 302 1138 T
321 1107 468 1151 partem
489 1099 656 1152 paralleli
674 1099 806 1140 Lunae
826 1100 1064 1153 temporibus
1089 1099 1360 1152 assumptarum
1379 1097 1450 1138 ob-

134 1159 385 1201 seruationum
418 1162 589 1214 phasium
624 1163 806 1216 parallelo
839 1163 964 1203 stellae
996 1162 1170 1216 proximi
1202 1173 1223 1201 a
1248 1160 1355 1201 Luna
1390 1160 1452 1201 in-

135 1224 292 1266 teruallo
323 1224 623 1265 obseruationum
659 1225 874 1280 percursam
908 1224 1013 1280 supra
1048 1235 1113 1266 nro
1135 1229 1201 1264 1²⁸⁰
1233 1225 1519 1269 inuentamsiz·
1535 1242 1582 1273 ιι,

135 1286 264 1342 Sitque
311 1287 348 1328 E
368 1287 406 1327 T
441 1288 598 1328 variatio
647 1289 942 1331 declinationum
993 1287 1125 1330 Lunae
1144 1321 1156 1341 ‚
1188 1284 1216 1330 S
1234 1287 1271 1330 E
1320 1296 1451 1330 motus

134 1350 267 1391 Lunae
300 1351 340 1391 in
370 1351 499 1392 semita
531 1352 701 1394 eiusdem
734 1365 826 1394 cum
860 1351 1104 1393 inclinatione
1119 1351 1275 1393 semitae
1304 1351 1348 1394 ad
1382 1363 1451 1406 pa-

134 1415 301 1456 rallelum
336 1414 461 1454 Lunae
494 1415 532 1455 E
549 1414 574 1455 S
594 1416 631 1455 T
649 1449 660 1468 ,
693 1417 837 1457 ibidem
870 1426 910 1456 et
943 1416 989 1457 ad
1019 1416 1125 1457 idem
1145 1425 1297 1470 tempus
1313 1415 1420 1455 datae
1437 1447 1451 1468 ,

135 1487 175 1518 et
210 1479 329 1519 lineae
363 1477 388 1519 S
410 1477 454 1518 M
477 1509 488 1529 ,
521 1478 595 1519 EI
626 1479 749 1520 sistant
780 1479 968 1521 distantias
1004 1489 1226 1520 centrorum
1245 1479 1378 1520 Lunae
1407 1487 1448 1520 et

134 1542 293 1582 Vmbrae
326 1554 347 1581 a
386 1542 422 1582 se
452 1541 622 1583 inuicem
664 1544 712 1584 ad
742 1551 919 1598 tempora
966 1543 1169 1584 earundem
1219 1541 1446 1583 obseruatio-

134 1617 229 1646 num
262 1618 332 1659 per
372 1617 480 1647 nrum
515 1606 605 1644 2‘11‘m
656 1607 828 1648 inuentas
843 1639 854 1659 ,
901 1605 949 1646 ad
997 1605 1192 1661 parallelos
1238 1604 1451 1659 aequatoris

133 1668 160 1709 S
180 1670 219 1708 T
238 1702 248 1721 ‚
283 1680 320 1709 et
354 1670 426 1710 Ee
445 1701 455 1721 ‚
487 1682 582 1724 quos
612 1668 720 1711 Luna
753 1670 891 1710 iisdem
924 1669 1162 1724 temporibus
1191 1669 1312 1711 tenuit
1330 1702 1341 1722 ‚
1383 1669 1449 1711 sub

135 1733 278 1784 augulis
309 1732 355 1772 M
372 1731 397 1772 S
415 1733 453 1771 T
473 1764 485 1782 ,
519 1743 558 1773 et
589 1733 610 1774 Ι
633 1733 668 1774 Ε
685 1746 706 1774 e
724 1766 735 1784 ‚
767 1734 813 1774 ad
845 1734 1014 1774 semitam
1049 1742 1178 1774 autem
1197 1732 1329 1774 Lunae
1346 1730 1420 1773 SE
1433 1764 1447 1786 ‚

136 1795 197 1835 iub
228 1796 370 1847 angulis
403 1795 449 1835 M
470 1793 495 1835 S
514 1796 551 1836 E
583 1803 622 1835 et
655 1795 773 1836 IES
808 1809 873 1849 per
904 1797 1069 1836 eundem
1103 1808 1207 1836 nrum
1256 1796 1354 1837 datis
1386 1796 1446 1835 in-

136 1860 300 1900 clinatas.
368 1857 488 1898 Linea
521 1858 607 1900 Ml
641 1858 783 1912 punaa
815 1858 1074 1900 distantiarum
1114 1868 1290 1901 extrema
1322 1858 1368 1900 M
1403 1867 1444 1899 et

138 1921 158 1963 1
189 1921 423 1975 coniungens
445 1952 456 1972 ,
489 1923 557 1963 erit
588 1921 716 1963 semita
751 1922 869 1963 centri
887 1923 1043 1964 vmbrae
1075 1923 1178 1974 visa,
1205 1923 1308 1964 cuius
1323 1933 1440 1977 quan-

137 1986 223 2028 titas
254 1985 299 2027 M
319 1985 337 2026 Ι
359 2017 371 2036 ,
403 1994 441 2025 et
474 1985 665 2028 inclinatio
694 1985 741 2027 ad
770 1987 943 2027 semitam
975 1986 1105 2028 Lunae
1136 1985 1162 2028 S
1180 1986 1218 2028 E
1241 1986 1443 2041 quaeritur.

138 2049 305 2091 Huncin
323 2049 441 2091 finem
474 2049 668 2106 iungantur
699 2051 839 2104 puncta
870 2050 918 2094 M
950 2061 988 2091 et
1018 2052 1055 2093 E
1088 2050 1185 2092 linea
1204 2050 1307 2093 reeta
1323 2049 1445 2100 ME,

201 2116 320 2158 Tom.
340 2113 392 2155 11.
414 2113 523 2157 Nou.
543 2114 770 2157 Comment.
952 2114 997 2158 N
1029 2127 1056 2157 n
1088 2125 1116 2157 n
1400 2119 1444 2153 et
