1971 2700
426 180 504 221 DE
537 177 746 221 BESTIIS
778 177 1043 222 MARINIS.
1344 191 1432 232 349

121 293 249 334 oculos
281 300 460 347 aequant,
495 304 550 340 32
587 286 716 330 dente's
762 289 930 344 plenarie
980 301 1031 329 ex
1063 290 1217 330 alueolis
1251 301 1402 331 exertos
1421 324 1431 342 ‚

121 358 213 398 dum
247 358 284 396 in
316 357 436 396 lucem
457 355 675 406 prodeunt,
713 363 859 407 paratos
889 353 1067 405 afferunt,
1099 354 1222 393 canini
1255 363 1381 394 autem
1403 368 1433 404 4

124 421 312 470 maiores,
346 418 488 458 feroces
521 426 556 457 et
587 418 634 457 ad
666 430 833 470 pugmm
870 416 1029 457 conceffi
1063 418 1100 456 in
1148 416 1304 456 alueolis
1343 418 1433 458 deli»

120 482 251 522 tescunt
283 494 325 522 ac
358 484 417 531 4²⁰
451 480 535 534 post
586 491 735 533 partum
787 482 843 520 die
900 482 1117 534 prodeunt:
1166 479 1274 520 Dum
1325 491 1431 534 partu

119 547 324 595 enituntur,
358 545 466 583 catuli
500 544 581 596 pilo
646 545 767 584 vbiuis
808 546 990 583 aterrimo
1034 544 1251 597 splendente
1290 543 1432 585 donan-

117 618 176 648 tur
197 612 287 660 ,410
317 617 442 648 autem
478 607 541 646 vel
580 611 637 657 5ῑο
673 608 756 661 post
789 618 942 660 partum
976 607 1036 646 die
1069 607 1142 660 pili
1178 606 1238 662 {ub
1268 609 1432 649 anterio-

118 672 216 712 ribus
270 671 421 726 pedibus
456 669 625 711 colorem
659 670 789 711 lensim
825 679 977 710 mutant
1008 682 1052 710 ac
1083 682 1220 723 caprae
1241 670 1345 712 Plinii
1372 673 1432 725 pi-

118 733 241 775 lorum
275 734 440 776 colorem
476 734 635 774 induunt
656 765 665 783 ‚
700 732 819 786 elapsti
852 746 929 772 vno
966 733 1095 772 mense
1128 743 1262 772 venter
1294 744 1333 773 et
1377 734 1431 775 la-

120 807 196 837 tera
227 798 404 838 eiusmodi
441 797 574 836 coloris
626 797 707 850 pilis
741 797 973 836 intermixtis
1026 797 1204 848 variegata
1255 796 1429 836 euadunt.

120 860 246 901 Mures
276 871 381 914 partu
416 859 579 900 multum
613 862 770 900 maiores
802 869 841 898 et
874 860 1053 911 nigriores
1071 860 1254 909 eduntur,
1289 859 1429 911 nigritae

118 936 266 977 remque
299 924 438 978 pellem
474 925 511 962 iu
545 922 774 976 sequentibus
805 923 906 962 annis
940 923 1143 973 obtinent,
1185 934 1298 973 quam
1350 922 1427 962 foe-

117 987 277 1037 mellae,
311 999 402 1040 quae
438 987 506 1025 vix
540 999 617 1026 non
652 988 821 1026 cinereae
873 985 1099 1024 omnimode
1141 985 1332 1036 madunt,
1383 997 1426 1026 ac

116 1049 207 1090 rufus
237 1051 299 1090 sub
333 1050 573 1089 anterioribus
606 1051 763 1102 pedibus
795 1046 958 1089 maculas
991 1047 1161 1087 obtinent
1181 1079 1192 1098 2
1227 1046 1426 1088 foemellae

115 1122 262 1152 tantum
299 1113 552 1165 magnitudine
573 1145 582 1162 ,
630 1112 784 1153 craffitie
816 1121 853 1150 et
884 1111 1020 1148 robore
1051 1122 1071 1147 a
1106 1110 1270 1148 maribus
1318 1110 1426 1149 diffe-

113 1185 224 1224 runt,
257 1184 300 1213 vt
334 1176 401 1212 vix
435 1186 510 1211 non
551 1186 623 1224 pro
655 1173 794 1212 diuers-,1
846 1172 965 1224 specie
1006 1171 1211 1211 habe-,intur
1245 1184 1264 1212 a
1300 1173 1423 1214 minus

110 1236 255 1276 intentis
304 1234 622 1285 obseruatoribus,
674 1237 722 1275 ita
757 1245 794 1275 et
827 1235 983 1274 timidae
1018 1247 1088 1274 nee
1137 1235 1233 1275 adeo
1284 1235 1425 1276 feroces

108 1298 198 1338 sunt.
262 1296 443 1338 Sobolem
478 1297 722 1338 vehementer
754 1308 883 1339 amant
904 1312 922 1350 ς,
951 1298 1149 1338 foemeliae
1201 1298 1282 1352 post
1336 1311 1422 1352 par-

107 1369 186 1401 tum
220 1362 405 1414 gregatim
440 1374 528 1401 cum
561 1362 686 1402 catulis
720 1361 784 1401 suis
817 1363 856 1401 in
891 1362 1003 1401 litore
1034 1362 1182 1411 iacent,
1233 1373 1277 1400 ac
1310 1362 1423 1414 pluri-

110 1435 218 1464 mum
236 1425 421 1478 temporis
456 1423 589 1464 somno
609 1424 831 1465 consumunt
850 1458 860 1476 ,
893 1426 1003 1465 catuli
1033 1435 1162 1465 autem
1196 1425 1330 1477 primis
1348 1424 1423 1475 staff

113 1488 181 1526 tim
216 1487 341 1527 diebus
374 1488 498 1527 varios
530 1489 623 1527 inter
658 1490 691 1527 se
724 1487 814 1528 iuius
847 1489 1007 1541 pueriles
1040 1497 1246 1539 exercent,
1285 1500 1423 1540 paren-

110 1558 166 1588 tes
197 1561 373 1590 venerem
409 1541 628 1591 exercentes
659 1552 881 1602 imitantur,
916 1553 1117 1605 pugnando
1145 1549 1180 1589 se
1213 1560 1417 1603 exercent,

110 1624 204 1652 vnus
235 1613 388 1652 alterum
424 1614 625 1667 prosternit
656 1616 694 1654 in
728 1623 863 1654 terram
886 1648 897 1665 ,
932 1627 1009 1667 quo
1040 1613 1118 1653 viso
1154 1613 1290 1653 adstans
1310 1623 1419 1667 pater

108 1687 192 1715 cum
229 1689 420 1716 murmure
455 1678 639 1730 accurrit,
672 1678 858 1730 litigantes
889 1680 1029 1731 separat
1049 1709 1059 1728 ,
1094 1677 1279 1718 victorem
1315 1676 1418 1717 oscu-

110 1737 229 1789 latur⁷
262 1739 378 1788 lingua
414 1740 555 1790 stringit
577 1771 587 1788 ‚
620 1753 685 1780 ore
720 1742 756 1779 in
791 1752 928 1781 terrum
974 1741 1206 1794 prosternere
1256 1741 1416 1793 satagit,

109 1812 151 1840 ae
195 1800 437 1839 reluctantem
482 1800 622 1840 fortiter
675 1803 845 1842 intensius
893 1813 1026 1849 amat,
1082 1816 1125 1842 ac
1175 1803 1329 1854 dignum
1381 1801 1416 1841 se

109 1863 228 1902 filium
260 1863 432 1913 laetatur,
469 1864 590 1902 minus
621 1875 755 1903 contra
815 1875 946 1904 amant
996 1864 1121 1917 segnes
1153 1874 1189 1904 et
1240 1865 1412 1917 otiosos,

109 1926 194 1966 hinc
228 1925 286 1966 alii
319 1925 427 1964 catuli
457 1926 550 1965 circa
585 1937 727 1977 patrem
780 1929 955 1967 continue
975 1961 984 1978 ,
1036 1929 1098 1968 alii
1131 1928 1226 1967 circa
1279 1937 1414 1969 matres

108 1988 300 2029 vcrfimtur.
365 1987 488 2028 Mares
520 1989 712 2041 polygnmi
752 1990 862 2041 sunt,
913 2003 1004 2030 vnus
1036 1992 1144 2045 ffiepe
1180 1994 1217 2031 8.
1262 2001 1329 2039 15.
1363 1991 1412 2032 ad

108 2063 178 2101 50.
215 2051 405 2091 foemellas
437 2050 577 2102 habet,
613 2065 698 2104 quas
732 2053 843 2092 anxie
875 2053 1164 2094 aemulabundus
1195 2053 1347 2095 custodit
1373 2063 1411 2094 et

108 2113 169 2155 vel
201 2115 274 2156 alio
306 2114 487 2156 tantillum
506 2116 827 2169 appropinquante
861 2118 899 2156 in
916 2116 1081 2158 furorem
1114 2117 1244 2171 agitur.
1299 2117 1409 2158 Licet

663 2180 707 2219 X
740 2191 765 2218 x
801 2189 825 2226 3
1290 2182 1405 2220 multu
