1971 2700
436 153 694 200 EczlPsEs
726 154 1129 211 LVMINARWM.
1341 170 1395 209 41
1405 169 1427 209 ς

129 271 229 324 quod
262 268 411 312 describi
441 268 576 309 facilius
607 281 718 322 quam
753 269 924 322 praestari
960 269 1089 322 potest.
1134 265 1298 320 Capillus
1323 281 1428 310 nam-

129 347 202 387 que
236 332 437 374 immobilis
465 335 511 372 ad
546 333 706 372 limbum
739 332 824 372 disci
866 332 1093 383 difficulter,
1143 332 1206 371 vel
1256 332 1433 374 rariffime

131 406 308 449 tantum,
341 397 389 435 ita
433 396 539 451 dirigi
570 396 723 448 potest,
770 406 813 436 vt
843 407 882 436 et
915 396 1075 436 limbum
1110 404 1262 449 tangat,
1313 405 1352 435 et
1386 396 1433 438 si·

131 461 212 501 mul
245 461 290 499 ad
323 471 456 499 cornua
488 459 640 513 phaseos
672 458 860 513 parallelus
888 460 961 513 sit3
994 471 1132 499 cornua
1150 459 1254 499 enim
1283 458 1434 512 phaseos

128 525 168 565 in
202 523 306 563 omni
338 523 462 575 eclipsi
494 523 639 575 partiali
674 533 782 564 motu
816 524 1012 576 angulari,
1044 533 1081 563 et
1114 522 1254 562 limbus
1286 521 1370 563 disci
1388 523 1434 564 sl-

129 587 210 627 mul
243 599 327 627 cum
359 587 526 626 cornibus
556 597 668 627 motu
702 587 816 641 primi
849 586 1002 627 mobilis
1031 585 1259 639 progreffiuo
1310 587 1432 627 conti-

129 662 205 690 nuo
238 660 274 689 et
304 649 512 689 sensibiliter
543 661 772 702 mouentur,
805 652 902 690 adeo
923 682 934 702 ‚
969 659 1010 689 vt
1042 642 1194 702 capillus
1226 651 1433 690 micromea

126 715 176 752 tri
210 715 246 752 in
279 713 384 753 litum
416 713 588 753 cornibus
620 715 831 766 parallelum
868 723 953 752 ante
986 713 1200 752 cont-aecum
1235 714 1433 753 cumlim·

127 775 180 816 bo
209 777 272 816 fibi
301 775 493 817 occurfiiro
525 778 709 829 componi
741 776 906 830 debeat3
938 773 994 815 sed
1026 784 1200 827 tempore
1218 806 1228 824 ,
1280 776 1380 827 quod
1411 787 1433 816 a

127 839 359 892 dispositione
389 840 513 895 capilli
546 841 584 879 in
618 840 726 880 situm
761 841 931 880 cornibus
971 839 1193 891 parallelum
1243 837 1289 877 ad
1339 849 1431 878 con·

125 903 264 942 mestum
298 903 419 957 capilli
453 917 541 944 cum
574 905 694 944 limbo
726 903 790 943 fibi
825 912 1038 943 occurrente
1068 900 1224 955 superest
1243 933 1254 953 ‚
1295 900 1433 954 positio

124 977 300 1006 cornuum
337 968 380 1007 ad
416 968 590 1021 capillum
626 967 792 1020 parallela
845 968 944 1019 prius
984 966 1134 1006 stabilita
1184 974 1347 1004 mutatur
1394 975 1432 1005 et

125 1026 260 1069 limbus
294 1031 338 1069 ad
373 1032 548 1083 capillum
594 1030 700 1083 saepe
740 1042 900 1070 numero
941 1031 980 1069 in
1010 1029 1078 1069 situ
1108 1027 1232 1081 capilli
1264 1027 1310 1067 ad
1344 1039 1428 1067 cor-

124 1102 196 1129 nua
229 1092 378 1146 obliquo
414 1106 492 1133 non
528 1094 702 1146 parallelo
735 1093 926 1146 appellet,
961 1093 1138 1143 totiesque
1180 1098 1334 1128 conatus
1372 1089 1432 1128 ille

123 1153 360 1193 obstruatoris
393 1157 571 1194 eludetur.
639 1157 750 1194 Vnde
801 1155 960 1193 alterum
1010 1153 1204 1206 negotium
1249 1150 1433 1192 difficilius

122 1216 240 1256 adhuc
288 1218 467 1268 expeditu
498 1217 581 1268 est3
636 1227 677 1256 vt
710 1228 850 1269 nempe
902 1215 1055 1270 capillus
1085 1215 1144 1255 ille
1192 1214 1432 1255 micrometri

120 1279 327 1318 immobilis
359 1280 396 1318 in
430 1280 651 1319 c01ita6³tum
693 1279 800 1319 limbi
853 1279 1037 1332 situmque
1070 1279 1116 1318 ad
1150 1290 1290 1318 cornua
1338 1278 1432 1332 pha-

119 1339 196 1380 [eos
246 1341 464 1394 parallelum
498 1355 546 1382 eo
579 1344 659 1395 ipso
710 1343 891 1395 temporis
943 1351 1147 1382 momento
1197 1342 1430 1394 adducatur,

122 1416 198 1456 quo
230 1405 400 1445 distantia
433 1407 507 1445 eius
539 1406 585 1445 ab
620 1407 740 1446 altero
781 1406 916 1458 capillo
968 1405 1156 1445 immobili
1206 1417 1430 1458 quocunque

121 1467 312 1507 distantiae
344 1469 550 1509 limborum
585 1469 780 1509 maximae
820 1470 975 1521 aequalis
1007 1469 1090 1521 est3
1132 1467 1212 1508 fieri
1250 1469 1353 1508 enim
1389 1469 1430 1510 vi

121 1529 225 1582 supra
256 1532 442 1572 diciorum
480 1532 750 1584 fiiepenumero
782 1533 933 1585 potest,
966 1542 1008 1571 vt
1041 1540 1246 1571 momento
1280 1530 1346 1571 illo
1371 1532 1430 1571 di-

120 1594 240 1633 rectio
272 1596 491 1647 capillorum
525 1596 570 1636 ad
602 1595 742 1636 limbos
774 1596 960 1635 discorum
995 1595 1168 1635 cornibus
1197 1594 1330 1634 exciere
1358 1607 1429 1648 pa-

120 1655 243 1696 rallela
275 1671 348 1698 non
383 1659 573 1710 (accedat,
608 1659 807 1711 nulliusque
840 1658 946 1710 vsus,
980 1658 1045 1698 vel
1078 1671 1155 1698 non
1176 1667 1340 1698 accurata
1359 1659 1431 1698 ob-

121 1716 274 1757 seruatio
324 1721 475 1772 pli-aleos
523 1723 669 1762 euadat.
734 1722 799 1761 His
829 1723 878 1762 ita
913 1723 1134 1774 comparatis
1181 1723 1336 1761 tertium
1371 1734 1431 1761 re-

120 1781 294 1833 quisitum
329 1783 499 1835 priorum
533 1783 642 1834 louge
673 1783 938 1823 difficillimum
960 1816 971 1834 ,
1003 1794 1043 1823 et
1079 1784 1146 1823 vix
1166 1783 1301 1823 effecm
1321 1783 1431 1836 poffi-

124 1843 195 1884 bile
227 1845 326 1896 erit,
359 1855 401 1884 vt
431 1858 575 1898 nempe
608 1844 817 1885 obseruator
847 1847 986 1886 eodem
1018 1847 1202 1899 temporis
1250 1859 1428 1887 momen·

123 1916 165 1947 to
185 1940 195 1958 ,
229 1920 301 1959 quo
335 1908 473 1947 limbos
514 1907 698 1949 discorum
740 1909 890 1961 capillos
938 1910 1157 1950 immobiles
1188 1910 1226 1948 in
1262 1911 1329 1950 situ
1362 1922 1429 1950 eo-

122 1971 274 2010 rundem
308 1972 351 2010 ad
387 1984 525 2010 cornua
559 1971 713 2024 phascos
745 1972 919 2023 parallelo
949 1973 1057 2013 simul
1105 1974 1326 2026 contingere
1359 1973 1431 2013 ob-

121 2032 265 2084 seruat,
293 2034 465 2086 capillum
502 2033 690 2074 mobilem
722 2035 767 2074 ad
801 2047 939 2076 cornua
984 2035 1141 2089 phaseos
1188 2036 1394 2077 admoueat
1413 2068 1425 2088 ,

121 2095 227 2148 super
259 2109 370 2150 eaque
411 2098 542 2138 exaecc
592 2107 719 2151 ponat.
784 2099 847 2138 Ad
880 2098 952 2139 hoc
1002 2111 1166 2152 namque
1200 2110 1244 2139 vt
1278 2100 1430 2153 capillus

121 2159 168 2200 ad
201 2172 333 2201 cornua
365 2162 497 2202 exacte
528 2162 773 2203 admouentur
793 2194 804 2214 ,
839 2171 986 2216 tempus
1016 2163 1163 2216 aliquod
1200 2163 1398 2216 requiritur
1414 2195 1427 2214 ,

1367 2225 1429 2268 sed
