1971 2700
421 171 505 234 m:
539 189 755 234 BESTns
785 190 1041 236 MARINIS
1333 196 1394 240 36
1400 206 1421 244 5

116 322 186 363 pet
217 319 256 355 3.
292 305 452 356 integros
483 303 559 343 dies
589 302 777 357 pugnabat
809 314 850 343 ac
884 301 966 356 plus
998 312 1113 356 quam
1150 310 1303 342 centum
1340 306 1422 345 vul·

116 373 261 412 neribus
290 368 450 428 yndique
482 367 661 408 laceratus
692 377 800 421 erat3
835 366 918 407 Vrsi
952 366 1089 406 marini
1123 377 1312 420 nunquam
1337 367 1421 407 illo-

117 448 202 476 rum
236 430 490 474 certaminibus
508 429 540 470 le
573 431 807 482 immiscent,
844 444 974 471 verum
1009 440 1090 470 orta
1121 430 1184 470 lite
1202 431 1423 484 circumspi-

116 500 250 539 cientes
280 496 418 549 fiigiunt
436 527 449 546 ‚
481 495 652 549 primum
684 495 812 536 locum
846 495 915 535 illis
956 494 1122 546 cedunt,
1172 493 1350 534 foemellis
1383 505 1423 536 et

116 562 242 603 catulis
273 559 362 600 lusus
394 558 519 598 varios
538 558 791 612 permittunt„
816 570 883 599 nec
916 557 1054 599 hiscere
1071 558 1222 610 audent,
1242 567 1282 599 et
1307 571 1421 612 quan<

117 636 198 666 tum
233 620 379 678 possunt
413 635 434 662 a
482 622 643 663 leonum.
670 622 858 664 consortio
890 622 1069 662 abstinent
1087 655 1097 674 ‚
1142 622 1183 662 hi
1217 634 1313 662 vero
1344 634 1424 665 non

116 689 260 730 inuitati
288 697 326 728 et
355 686 460 728 inuiti
490 686 561 726 sese
593 686 752 727 illorum
776 686 914 727 turbae.
938 686 1054 739 saepe:
1093 686 1328 728 immiscent„
1353 685 1424 729 Se-

116 765 183 794 nes
214 762 256 793 et
281 751 462 804 decrepiti
488 751 593 791 inter·
617 749 710 790 ill'os-
732 751 833 791 circa
860 759 973 803 caput
1001 751 1196 790 canescunt
1230 761 1267 790 et
1292 751 1426 801 procul

115 816 224 857 omni
257 814 369 856 dubio
403 814 538 854 bestiae
588 813 698 855 valde
727 813 928 867 long-aenae
960 812 1052 854 sunt.
1139 814 1260 854 Aures
1293 819 1331 852 et
1363 825 1423 853 ca-

116 889 184 933 put
216 878 471 933 posterioribus
502 877 661 931 pedibus
686 878 843 931 pinnatis
876 888 920 917 vt
950 877 1022 917 vrsi
1052 876 1215 931 scalpunt
1234 908 1245 928 ,
1288 875 1430 916 eadem.

114 943 256 983 ratione
289 941 380 982 stant
400 974 417 993 ‚A
444 949 574 990 natant
588 973 605 991 „
632 942 772 992 iacent,
792 941 977 981 incedunt.
1042 938 1169 980 Boant
1203 949 1246 978 vt
1280 939 1391 979 boues
1409 971 1420 991 ‚

113 1005 220 1045 catuli
241 1005 363 1045 balant
393 1013 440 1045 vt
456 1016 549 1045 oues-
569 1037 581 1056 ,
613 1016 684 1044 nec
714 1003 826 1044 aliter*
851 1004 940 1044 dum
975 1003 1077 1043 inter‘
1102 1003 1190 1043 illas
1212 1014 1315 1042 eram
1350 1002 1425 1042 mi-

113 1067 153 1108 hi
187 1069 375 1109 videbatur
393 1100 411 1120 „
436 1080 480 1107 ac
512 1067 544 1107 si
573 1069 831 1107 iumentorum
864 1066 1036 1119 gregibus
1076 1065 1272 1106 immistus.
1300 1066 1425 1118 pasto-

112 1143 194 1171 rem
227 1143 394 1182 agerem.
457 1128 570 1170 Senes
602 1139 639 1168 et
671 1129 851 1180 decrepiti
882 1129 1047 1167 odorem
1087 1129 1134 1167 de
1153 1128 1186 1166 se
1218 1125 1393 1180 spargunt
1411 1157 1433 1177 „.

109 1192 168 1234 led
203 1192 316 1243 longe
369 1191 571 1231 mitiorem.
606 1202 676 1229 nec
710 1190 805 1229 adeo
837 1188 996 1229 virosum
1018 1222 1039 1242 ,,
1072 1199 1116 1229 vt
1149 1189 1228 1230 vrfii
1270 1190 1421 1231 marini.

109 1256 215 1295 Tam
248 1265 338 1293 vere
357 1284 372 1303 ‚
400 1265 518 1306 quam
547 1250 689 1303 hyeme
721 1261 758 1292 et
788 1253 922 1293 aestate
955 1253 1002 1292 in.
1029 1252 1107 1308 hac
1132 1253 1243 1293 insula
1262 1285 1282 1305 ,ὲ
1315 1255 1432 1295 certis.

106 1316 347 1357 solummodo
395 1315 489 1356 locis
507 1347 523 1367 ‚,
572 1315 704 1356 saxosis
736 1325 774 1356 et
803 1318 904 1356 circa
943 1317 1165 1370 praecipitia.
1206 1316 1392 1357 versantur
1411 1349 1423 1369 ,

108 1379 230 1420 nihilo
262 1388 389 1420 tamen
425 1380 546 1419 minus
576 1378 643 1419 alii
673 1382 868 1432 quotannis
903 1381 1040 1432 primo⁴
1083 1393 1172 1419 vere
1214 1392 1289 1419 vna
1332 1392 1423 1420 cum

108 1443 197 1482 vrsis
230 1443 380 1482 marinis
413 1441 485 1482 hnc
519 1444 705 1493 veniunt,
738 1443 817 1482 vidi
851 1443 934 1482 illos
969 1455 1112 1496 magno
1147 1455 1306 1483 numero
1324 1444 1423 1483 circa

111 1504 338 1546 Americana
370 1505 478 1545 litora
499 1538 509 1558 ,
542 1507 581 1546 in
613 1506 716 1545 terris
773 1506 1057 1546 Kamtschaticis
1108 1507 1174 1546 vix
1206 1519 1281 1546 non
1314 1506 1426 1547 omni

112 1577 287 1621 tempore
318 1568 529 1621 habentur„
557 1570 653 1610 vltra
689 1573 760 1617 56.
797 1569 924 1622 gradus
957 1569 1157 1610 latitudinis
1209 1581 1284 1608 non
1336 1582 1424 1622 pro-

111 1631 331 1672 ficiscuntur.
357 1630 551 1673 Venantur·
565 1631 717 1686 copiose
733 1633 831 1673 circa
851 1633 1164 1686 promontorium.
1179 1632 1391 1683 Kronozky
1411 1665 1422 1684 ‚

109 1696 207 1734 circa
238 1694 471 1736 Ostrownaia
504 1696 689 1748 insulam,
743 1697 842 1737 circa
882 1697 1000 1737 finum
1034 1694 1350 1736 Awatschiensem
1384 1705 1423 1734 et

110 1757 247 1797 abhinc
279 1770 392 1809 vsque
424 1759 469 1797 ad
502 1761 813 1810 promontorium
848 1760 1017 1812 Lapatka
1036 1792 1046 1811 ‚
1080 1760 1263 1800 habentur
1295 1759 1332 1798 in
1366 1759 1423 1797 in-

111 1820 190 1860 sulis
225 1819 436 1870 KurilliciS,
487 1830 526 1859 ct
559 1822 628 1860 vix
659 1833 737 1861 non
788 1834 904 1875 vsque
945 1823 992 1862 ad
1042 1823 1193 1862 insulam
1243 1815 1422 1875 Matmej.

113 1882 336 1936 capitaneus
365 1880 583 1936 Spangberg
616 1885 654 1923 in
684 1897 825 1937 mappa
856 1885 912 1924 fila
945 1883 1095 1924 insulam
1148 1885 1334 1937 quandam
1376 1884 1424 1924 ab

109 1947 242 1987 harum
261 1945 458 1986 bestiarum
478 1945 681 1999 frequentia
700 1960 742 1986 ac
761 1949 908 2000 rupium
931 1948 1021 1987 facie
1041 1948 1172 1987 vrbem
1193 1948 1303 1987 adum
1314 1948 1424 1986 bran-

110 2020 147 2052 te
166 2008 364 2050 Siwutschi
384 2007 493 2061 palati
513 2010 734 2050 nominauit.
757 2010 801 2050 In
821 2012 915 2050 mari
934 2010 1204 2050 Penschiniensi
1234 2023 1424 2063 nunquam

108 2083 275 2126 apparet.
311 2073 425 2113 Ratio
442 2085 552 2125 quare
571 2072 641 2113 hae
667 2073 799 2114 bestiae
827 2074 898 2113 huc
924 2074 1087 2126 migrent
1123 2073 1236 2113 Iunio
1263 2073 1360 2114 Iulio
1386 2084 1424 2113 et

107 2136 299 2191 Angusto,
326 2135 369 2177 fit
393 2145 547 2191 propter
573 2137 717 2187 otium,
737 2146 906 2190 partum,
934 2137 1144 2178 catulorum
1163 2138 1422 2178 educationem

671 2196 708 2239 Z
741 2213 763 2241 z
800 2211 821 2249 3
1383 2207 1421 2238 et
