1971 2700
530 182 622 232 156
772 178 856 223 DE
890 174 1341 223 EVAPORATIONE
1381 175 1472 221 EX
1501 176 1660 242 Αρνᾼ

524 295 598 338 ssus
614 295 679 336 est.
713 294 804 352 Qvo
823 294 950 335 minor
967 306 1064 335 vero
1083 293 1287 334 differentia
1307 304 1356 333 eo
1377 292 1494 346 magis
1513 292 1657 334 videtur
1673 296 1834 337 retarda-

522 361 555 402 ri
573 360 707 401 debere
726 358 910 399 affluxum
929 369 967 398 et
988 358 1161 398 recess‘um
1181 358 1294 405 a'e'ris,
1315 367 1359 396 vt
1380 357 1535 397 tandem
1555 369 1631 397 non
1663 359 1742 411 plus
1766 372 1837 399 vir-

523 436 667 478 porum
687 423 824 463 access‘u
844 422 941 460 a'e'ris
957 421 1151 473 colligatur
1169 433 1284 474 quam
1304 420 1436 461 recessu
1452 420 1548 460 ae'ris
1564 419 1715 474 aufugit.
1749 422 1839 478 Quo

521 486 602 527 casu
621 485 845 538 cuapomtio
865 484 962 523 null-‚1
984 483 1066 524 fieri
1088 484 1286 524 videbitur.
1319 483 1359 524 Si
1380 497 1472 525 vero
1491 486 1611 538 magis
1627 484 1748 525 adhuc
1766 484 1838 526 dif-

520 549 676 589 ferentia
721 548 818 588 dieti
856 548 1060 597 minuitur,
1105 549 1225 600 magi>
1259 549 1498 588 retardabitur
1533 548 1651 589 dietus
1683 558 1840 605 motus,

522 624 616 665 ergo
649 625 698 652 eo
730 611 920 665 pauciores
954 623 1114 664 vapores
1143 611 1369 664 colligentur
1387 646 1398 664 ‚
1430 623 1467 652 et
1501 611 1589 653 hinc
1621 611 1841 666 euaporatio

522 676 735 729 praeualere
776 675 928 729 incipiet
962 687 1051 729 prae
1083 676 1306 716 collectione
1339 688 1559 730 vaporum3
1601 675 1842 730 Evaporatio

521 751 619 779 vero
669 741 782 780 etiam
803 773 813 792 ,
862 751 955 792 aqua
990 739 1121 779 sensim
1156 739 1322 780 calidiori
1372 741 1513 781 reddita
1547 749 1586 780 et
1619 739 1843 781 cohaefione

519 806 668 843 minuta
701 804 824 856 augeri
858 803 1020 843 debebit.
1087 802 1173 844 Tali
1207 805 1311 843 enim
1343 805 1480 844 ratione
1506 803 1708 858 particulae
1724 815 1842 858 aquae

518 868 776 921 euaporationi
807 875 955 919 aptatae
989 867 1128 919 partim
1163 878 1253 906 cum
1287 867 1481 908 recedente
1500 870 1586 908 a‘e‘re
1603 867 1734 908 auferri
1753 878 1840 923 pat-

518 930 593 971 tim
626 931 830 982 agitatione
861 942 882 968 a
915 929 1039 968 calore
1072 930 1208 969 maiori
1243 939 1326 971 orta
1358 932 1501 984 expelli
1533 941 1724 985 porerunt.

634 987 672 1035 6.
701 1005 770 1032 rr.
804 991 1019 1033 Secundum
1063 1004 1155 1032 vero
1186 991 1481 1045 phaenomenon
1521 1005 1614 1047 puto
1647 995 1694 1036 sic
1725 1006 1843 1048 gene-

519 1056 605 1097 rari.
671 1056 837 1098 Ponatur
870 1056 1069 1110 temperies
1102 1056 1197 1095 ae'ris
1228 1068 1309 1095 vno
1343 1056 1424 1096 casu
1458 1057 1592 1096 minor
1622 1058 1741 1097 altero
1759 1067 1843 1097 ma·

519 1119 580 1159 ior
598 1152 609 1171 ‚
639 1131 680 1160 et
709 1121 880 1161 obtineat
913 1132 1006 1172 aqua
1038 1121 1075 1159 in
1110 1121 1293 1172 temperie
1322 1120 1418 1159 :r‘e‘ris
1450 1121 1591 1162 minori
1616 1129 1761 1160 certum
1780 1132 1843 1160 ca·

517 1182 641 1224 iorem
663 1216 674 1235 ,
705 1182 891 1224 decrescet
925 1182 1034 1222 simul
1076 1182 1278 1222 differentia
1327 1183 1422 1222 inter
1473 1184 1698 1236 temperiem
1749 1183 1846 1224 ae'ris

519 1254 560 1286 et
591 1259 721 1301 aquae.
785 1246 964 1287 obtineat
995 1258 1088 1299 aqua
1120 1246 1157 1284 in
1191 1245 1374 1298 temperie
1425 1246 1519 1285 a'e'ris
1565 1246 1699 1286 maiori
1751 1259 1845 1287 eun·

518 1309 610 1351 dem
642 1311 808 1351 calorem
841 1323 953 1364 quem
989 1309 1105 1362 priori
1147 1308 1228 1348 casu
1247 1341 1257 1359 ,
1301 1309 1510 1347 differentia
1562 1309 1659 1348 inter
1693 1318 1842 1361 tempe-

520 1374 617 1414 riem
651 1376 748 1415 ae'ris
779 1384 816 1414 et
849 1385 963 1427 aquae
995 1373 1147 1425 quidem
1181 1371 1348 1411 similiter
1380 1370 1563 1411 decrescet
1582 1403 1592 1421 ‚
1624 1371 1748 1411 maior
1787 1382 1841 1412 ta-

518 1448 611 1476 men
640 1439 712 1477 erit
731 1469 742 1488 ‚
774 1449 886 1491 qnam
921 1437 1035 1489 prion'
1066 1434 1148 1474 casti
1172 1451 1183 1488 3
1216 1435 1303 1474 hinc
1333 1434 1490 1474 afflrrxus
1504 1444 1541 1474 et
1559 1435 1707 1474 recessus
1724 1434 1841 1475 etiam

518 1501 615 1541 a'e'ris
642 1500 794 1541 celerius
824 1500 888 1540 fiet
921 1511 1034 1553 quam
1067 1499 1187 1552 priori·
1222 1497 1331 1550 casu,
1382 1498 1470 1538 hinc
1503 1497 1676 1537 collectio
1717 1510 1842 1552 vapo-

519 1575 604 1603 rum
639 1566 752 1604 ctiam
788 1566 861 1605 erit
893 1562 1094 1616 copiosior.
1163 1561 1202 1603 Si
1237 1574 1331 1615 crgo
1363 1563 1493 1614 primo
1523 1560 1601 1601 casu
1635 1574 1727 1615 aqua
1761 1571 1839 1602 tan·

520 1635 603 1666 tum
656 1627 809 1667 incaluit
859 1638 897 1666 ct
929 1626 1133 1666 differentia
1166 1626 1264 1666 dieta
1298 1627 1349 1665 ira
1382 1625 1545 1665 decreuit
1563 1636 1600 1664 er
1619 1623 1841 1679 consequen·

520 1698 576 1729 ter
625 1689 785 1730 acceffiis
815 1702 853 1731 et
888 1689 1036 1730 receffiis
1085 1690 1182 1729 aeris
1215 1690 1262 1730 fic
1313 1689 1508 1729 retamiatus
1554 1689 1606 1728 cst
1625 1721 1635 1739 ,
1686 1698 1728 1728 vt
1761 1701 1839 1728 non

519 1753 602 1806 plus
620 1766 807 1807 vaporum
826 1754 1019 1806 colligatur
1039 1785 1049 1803 ,
1068 1765 1110 1792 ac
1129 1754 1395 1805 cuaporatione
1414 1752 1554 1792 recedit
1575 1765 1640 1806 per
1658 1750 1717 1804 (ξ.
1735 1750 1806 1807 10)
1825 1783 1837 1804 ,

518 1815 641 1857 altero
670 1816 750 1857 casu
771 1848 785 1868 ‚
819 1817 844 1858 fi
877 1829 968 1868 aqua
1001 1816 1162 1857 cundem
1203 1816 1369 1856 calorem
1406 1815 1582 1868 obtinet,
1633 1815 1838 1856 differentia

519 1882 614 1922 inter
649 1892 859 1935 temperem
890 1881 984 1921 a‘e'ris
1016 1890 1056 1920 et
1089 1892 1204 1933 aquae
1244 1880 1314 1919 crit
1347 1880 1501 1929 maior,
1550 1890 1667 1930 ⁸quarn
1721 1878 1836 1930 priori

518 1944 596 1984 casu
629 1945 716 1984 hinc
750 1944 906 1985 access‘us
940 1954 979 1984 ct
1009 1944 1158 1984 receffiis
1190 1944 1287 1984 a'e‘ris
1318 1943 1477 1980 celerior·
1527 1939 1612 1979 hinc
1663 1941 1839 1980 collectio

525 2018 709 2058 vaporum
744 2008 880 2060 largior
912 2020 954 2046 ac
991 2007 1107 2059 priori
1137 2004 1217 2045 castr
1236 2037 1245 2055 ‚
1280 2003 1366 2042 hinc
1400 2003 1518 2041 altero
1550 2000 1629 2042 catii
1665 2003 1743 2055 plus
1770 2015 1835 2043 vu-

519 2081 658 2123 porum
694 2071 815 2121 potest
853 2070 978 2121 colligi
1014 2080 1054 2107 ac
1085 2067 1356 2121 eiiaporatione
1407 2066 1555 2105 recedit.
1642 2064 1681 2106 Si
1718 2078 1834 2121 porro

520 2132 649 2188 primo
676 2133 758 2174 casu
791 2144 883 2187 aqua
918 2132 966 2174 sic
999 2130 1146 2173 incaluit
1179 2140 1216 2172 ct
1248 2128 1455 2173 differentia
1488 2129 1588 2171 dista
1620 2131 1671 2171 ita
1704 2131 1832 2171 decre-

1747 2202 1804 2233 vit
1823 2226 1833 2244 ,
