1971 2700
283 213 410 255 ATM
415 210 505 253 OM
509 211 545 252 E
549 205 645 251 Tm
675 205 708 247 C
711 206 793 248 ΟΝ
792 200 1074 250 STRVCTIO
1107 211 1175 244 cet.
1328 218 1346 244 1
1356 220 1377 244 2
1387 218 1408 253 3

247 324 288 381 3)
319 324 506 378 Superiori
554 318 755 373 superficiei
786 316 869 358 CD
900 318 993 358 vasis
1042 315 1076 356 C
1086 315 1210 357 DEF
1240 323 1312 355 tres
1342 317 1418 355 vir<

130 402 195 443 gas
243 389 458 440 cylindricas
488 398 586 438 gg,
618 381 720 433 hh,
750 384 763 422 i
781 384 794 422 i
827 394 877 424 ex
910 380 1064 425 metallo
1097 381 1135 419 in
1168 378 1305 433 aequali
1337 391 1356 417 a
1386 378 1417 417 le

130 463 267 493 mutuo
298 462 340 491 et
369 451 431 492 axi
463 448 552 489 vasis
580 448 794 487 continuato
842 445 1008 485 distantia
1056 443 1217 484 verticuli
1249 442 1315 482 situ
1355 441 1420 482 fir-

134 526 250 558 matas
267 550 279 569 ,

250 610 295 667 4)
325 594 432 662 Aqua
482 606 562 648 vasi
611 604 770 648 GIKH
819 605 927 646 infusa
984 617 1047 645 vas
1104 604 1209 643 inane
1249 598 1420 645 CDEF

134 675 257 715 eidem
290 675 382 713 inter
412 670 547 710 rotulas
575 671 672 710 circa
704 682 794 710 axes
810 668 987 710 volubiles
1018 680 1074 707 cc
1096 697 1108 718 ‚
1139 667 1168 706 d
1182 666 1210 706 d
1223 700 1234 718 ,
1267 678 1325 706 ee
1344 661 1433 719 ‚ff

131 749 203 779 etc.
238 737 459 797 submersum
479 764 491 784 ,

249 831 290 887 5)
321 829 547 883 Operculum
598 826 830 868 metallicum
871 824 966 868 GH
996 821 1236 868 foraminibus
1282 818 1430 873 praedi-

133 907 214 936 tum
236 926 246 945 ‚
279 906 370 948 quae
402 893 592 933 transitum
628 890 846 931 filcillirnum
879 888 1082 930 concedant
1107 886 1221 938 virgis
1251 882 1428 934 cylindri·

132 960 186 998 cis
207 970 305 1012 gg,
338 955 439 1007 hh,
472 957 545 1005 ii,
578 955 652 994 vasi
683 954 721 996 G
741 954 760 994 Ι
780 954 870 994 KH
902 950 1147 1004 impositum,
1179 960 1225 992 ne
1249 959 1344 1000 aqua
1377 955 1428 992 ex

135 1021 218 1062 vale
249 1032 445 1073 euaporare
479 1017 611 1070 poffit‚

251 1117 297 1164 6)
331 1111 443 1153 Aliud
476 1122 542 1150 vas
573 1111 828 1163 prismaticum
862 1107 1032 1148 AABB
1061 1119 1111 1147 ex
1141 1106 1242 1146 tenui
1291 1105 1430 1145 lamina

138 1176 321 1217 metallica
353 1172 601 1215 construdi'um
634 1173 740 1211 et'in
772 1170 884 1211 fundo
935 1170 1194 1225 prominentiis
1215 1182 1248 1222 g
1267 1200 1277 1220 ‚
1309 1166 1337 1208 h
1355 1169 1399 1218 ‚i
1416 1199 1429 1218 ,

135 1240 173 1278 in
205 1236 344 1288 aequali
377 1247 398 1274 a
429 1235 463 1272 se
495 1242 627 1273 mutuo
674 1243 713 1273 et
751 1234 882 1274 medio
929 1234 1032 1274 fundi
1071 1232 1214 1287 puncto
1263 1231 1431 1271 distantia

134 1299 338 1352 praeditum
356 1329 368 1350 ‚
416 1295 594 1349 fimulque
651 1297 922 1352 prominentias
969 1296 1050 1338 istas
1105 1294 1344 1336 foraminibus
1392 1294 1432 1334 in

133 1361 299 1414 structas,

251 1458 296 1504 7)
329 1455 405 1496 Vas
437 1455 609 1496 AABB
642 1457 756 1510 virgis
798 1458 993 1499 metallicis
1039 1456 1258 1510 impositum
1308 1460 1438 1493 extre-

141 1519 326 1559 mitatibus
355 1531 480 1558 earum
517 1533 536 1560 a
569 1520 797 1561 foramiuulis
827 1521 928 1561 fundi
961 1520 1053 1561 vasis
1085 1521 1152 1560 rite
1185 1517 1369 1568 receptis,

259 1580 297 1635 8)
330 1583 472 1622 Totum
524 1593 744 1636 apparatum
780 1584 831 1623 ita
862 1584 1110 1624 constructum
1132 1614 1143 1631 ,
1161 1590 1203 1620 vt
1235 1577 1316 1618 vase
1334 1579 1369 1617 A
1394 1577 1431 1616 A

142 1642 228 1684 BB
260 1653 317 1684 tot
349 1646 445 1684 libris
475 1659 587 1699 aquae
608 1647 761 1698 onustO,
780 1658 867 1699 quot
886 1647 1138 1700 requiruntur,
1172 1652 1216 1682 vt
1235 1640 1434 1693 temperies

145 1719 210 1760 per
239 1708 429 1747 modicum
462 1711 642 1761 temporis
675 1711 907 1750 interuallum
948 1722 1023 1749 non
1054 1706 1260 1747 sensibiliter
1311 1711 1435 1742 mute-

146 1780 202 1808 tur
235 1768 292 1822 (§.
319 1775 381 1818 1.)
412 1771 589 1822 simulque
621 1772 898 1812 thermometro
919 1803 928 1820 ,
955 1771 1055 1824 quod
1073 1769 1296 1821 temperiem
1323 1776 1437 1816 aquae

147 1833 281 1885 prodat
299 1862 309 1879 ,
361 1843 422 1871 vas
455 1829 621 1871 CEFD
656 1835 705 1872 ita
737 1847 850 1885 aquae
901 1835 1153 1885 submergatur
1173 1863 1184 1881 ,
1234 1840 1275 1868 vt
1308 1827 1437 1866 fundus

146 1894 237 1933 vasis
270 1892 444 1932 AABB
476 1904 619 1933 tuntum
654 1896 816 1948 digitum
851 1896 955 1935 distet
988 1896 1046 1934 vel
1077 1905 1199 1934 minus
1230 1904 1253 1930 a
1287 1887 1434 1943 superfi-

143 1958 200 1996 cie
228 1968 341 2007 aquae
372 1957 409 1993 in
445 1955 525 1995 vase
558 1954 596 1995 G
616 1957 650 1995 H
671 1957 689 1996 Ι
709 1958 741 1997 Κ
774 1958 976 2010 stagnantis.

258 2018 287 2064 §,
319 2030 357 2067 5.
397 2018 515 2058 Facile
550 2028 650 2070 patet
682 2031 732 2058 ex
765 2021 954 2073 prinipiis
983 2018 1250 2069 hydrostaticis.

266 2079 304 2134 1)
340 2080 538 2120 Summam
572 2082 780 2134 ponderum
815 2084 903 2122 vasis
937 2079 1107 2122 AABB
1128 2113 1137 2131 ,
1171 2091 1286 2132 aquae
1317 2078 1356 2119 in
1388 2089 1438 2118 eo

146 2145 366 2197 stagnantis,
398 2144 692 2197 thermometri,
724 2146 916 2198 virgarum
939 2158 1037 2201 gg,
1070 2142 1171 2196 hh,
1202 2144 1247 2184 ii
1281 2151 1318 2182 et
1350 2153 1438 2193 pro-

733 2209 782 2263 (ζ
807 2221 830 2247 2
1289 2204 1438 2245 minen-
