1971 2700
531 210 624 248 3¹0
864 195 946 239 DE
977 191 1190 239 BESTIIS
1223 189 1495 238 MARfmS.

528 310 563 352 le
595 310 791 364 descriptio
822 311 860 351 in
895 307 1208 364 pharmacologia
1244 307 1299 348 fua
1332 307 1389 348 his
1420 306 1553 347 offibus
1591 308 1841 352 masticatoriis

524 384 657 429 vaptata
676 375 887 428 competit,
918 372 1094 413 describit
1125 375 1228 412 enim
1260 371 1358 411 forte
1389 383 1438 411 ex
1459 364 1632 420 αυἾοΦια
1663 376 1837 427 et,quod

530 438 840 480 mechanismum
859 437 996 477 horum
1016 433 1150 475 offium
1170 434 1631 488 nei'ciuerit‚scquentibus:
1652 434 1744 487 lapis
1759 449 1840 478 ma-

531 502 609 541 nati
648 500 700 540 est
732 511 775 539 os
804 499 1035 540 crustaceum
1067 497 1193 538 album
1214 530 1225 549 ,
1256 499 1360 539 ebori
1392 499 1507 539 simile
1547 509 1598 537 ex
1629 498 1753 551 capite
1776 510 1845 540 ex-

532 573 732 617 emptum,
764 562 874 616 idque
906 560 1220 615 variforme,quo
1240 562 1311 602 sine
1344 563 1459 602 dubio
1492 562 1606 601 flexus
1637 571 1675 600 et
1696 573 1847 602 maean-

533 627 622 666 dros
652 625 872 667 var-iffirmes
906 626 948 666 iu
980 624 1168 679 Vtriusque
1198 624 1285 666 offis
1315 624 1508 680 superficie
1540 625 1674 665 obuios
1707 625 1848 665 indica-

533 701 576 731 re
609 688 749 731 voluit.

652 745 837 794 Granium
880 751 1173 795 robustiffimum
1203 752 1285 804 est,
1335 753 1476 794 cerebri
1528 764 1658 806 parum
1709 751 1849 803 habet,

534 817 732 858 cerebrum
764 831 786 858 a
815 816 996 858 cerebello
1028 816 1132 857 nullo
1163 817 1263 857 offeo
1295 816 1508 871 sepiniento
1548 815 1819 856 discriminatur
1839 844 1850 865 ,

537 880 718 935 reliquum
753 881 850 922 nihil
882 879 1060 933 singulare
1092 881 1260 920 inuenire
1293 882 1412 933 potui.

655 944 899 997 oesophagus
930 942 990 982 seu
1015 942 1106 994 gula
1137 943 1245 983 valde
1279 955 1400 996 capax
1419 975 1431 995 ,
1464 944 1558 984 intus
1575 955 1707 983 nei-uea
1727 954 1853 983 mem-

537 1008 654 1048 brana
685 1006 908 1048 validiffima
941 1006 1096 1046 candida
1127 1006 1379 1047 circumdatur
1415 1007 1615 1060 multisque
1654 1006 1857 1060 perpendi·

538 1071 719 1112 cularibus
749 1071 846 1124 rugis
878 1079 917 1110 et
951 1069 1058 1123 plicis
1090 1080 1203 1122 vsque
1234 1071 1279 1109 ad
1314 1070 1556 1109 ventriculum
1598 1072 1719 1123 pergit
1742 1100 1753 1118 ‚
1791 1070 1857 1110 ibi-

539 1146 612 1187 que
664 1145 863 1187 antequam
914 1132 1043 1172 deficit
1083 1133 1281 1184 permultis
1327 1132 1583 1185 appendiculis
1632 1133 1859 1186 triangulari-

540 1196 607 1237 bus
643 1209 682 1235 1.
716 1197 855 1236 lineam
889 1194 1008 1247 longis
1040 1194 1254 1246 praefinitur
1275 1226 1286 1244 ,
1318 1194 1453 1234 sursum
1474 1195 1747 1248 Oei'ophagum
1775 1208 1855 1238 ver-

541 1259 596 1300 sus
629 1257 804 1312 tantisper
837 1257 1019 1307 reflexis,
1050 1269 1206 1309 quarum
1241 1256 1348 1296 vsum
1382 1257 1479 1296 hunc
1522 1258 1593 1297 effe
1645 1269 1764 1310 puto,
1815 1268 1859 1300 vt

542 1323 874 1377 regurgitationem
904 1321 1077 1360 ciborum
1112 1320 1149 1360 in
1167 1321 1295 1374 gulam
1316 1320 1544 1372 impediant,
1564 1332 1606 1360 ac
1624 1322 1853 1373 opinionem

544 1386 822 1441 praeposteram
880 1383 1012 1437 primo
1063 1382 1197 1424 intuitu
1245 1384 1297 1423 de
1328 1384 1580 1422 ruminatione
1628 1394 1859 1438 conceptam

543 1447 724 1491 refellant.

662 1509 908 1564 Oesophagus
938 1507 1150 1551 ventriculo
1181 1510 1279 1551 circa
1312 1510 1486 1551 medium
1521 1507 1713 1563 inseritur,
1753 1519 1797 1551 vt
1826 1511 1865 1552 in

547 1587 649 1630 equo
681 1586 718 1615 ct
752 1575 894 1627 lepore.

664 1637 903 1680 Ventriculus
936 1637 1141 1692 stupendae
1177 1637 1289 1678 molis
1317 1637 1369 1678 est
1388 1670 1399 1689 ,
1434 1641 1478 1677 6.
1514 1638 1629 1692 pedes
1645 1636 1801 1692 longus,
1823 1646 1865 1687 5.

549 1701 671 1755 latus,
701 1714 746 1742 ac
778 1702 873 1742 adeo
906 1702 998 1742 cibis
1034 1713 1076 1741 ac
1108 1701 1198 1741 fucis
1229 1701 1416 1754 repletus,
1451 1711 1494 1742 vt
1530 1716 1560 1752 4
1610 1702 1746 1742 robusti
1797 1702 1867 1744 viri

551 1765 627 1807 fimi
662 1766 853 1820 alligatum
890 1777 1039 1819 magno
1072 1765 1198 1806 labore
1239 1777 1350 1818 aegre
1382 1778 1405 1806 e
1436 1765 1497 1806 suo
1546 1767 1636 1806 loco
1667 1774 1869 1806 mouerent

550 1842 595 1871 ac
628 1829 723 1871 foras
754 1829 956 1870 traherent.

669 1893 840 1935 Tunicae
883 1890 1084 1932 ventriculi
1127 1891 1231 1933 nullo
1280 1894 1436 1947 negotio
1486 1891 1641 1932 discerni
1692 1891 1868 1946 poliunt,

554 1957 788 1999 coniunctim
826 1969 866 2005 3.
901 1956 1013 1997 lineas
1046 1955 1204 1996 crassitie
1237 1967 1409 2008 aequant.
1476 1955 1744 1996 ventriculum
1780 1957 1866 2010 pin-

553 2035 646 2074 gue,
682 2033 723 2059 2.
760 2020 875 2060 lineas
907 2019 1087 2068 crassum,
1108 2018 1250 2071 prorsus
1282 2019 1460 2071 singulare
1492 2030 1693 2060 omentum
1729 2019 1868 2069 ambit,

554 2083 730 2137 superiori
768 2093 873 2134 parte
907 2081 1053 2121 tunicae
1093 2081 1377 2121 membranulae
1417 2082 1607 2121 ventriculi
1662 2083 1758 2123 circa
1790 2093 1870 2122 me-

554 2148 661 2189 dium
722 2143 881 2184 firmiter
939 2144 1116 2183 adnutum
1136 2176 1146 2195 ,
1195 2144 1378 2198 reliquum
1434 2145 1727 2199 quaquaversum
1776 2145 1867 2186 libo-

1782 2220 1866 2249 rum
