1971 2700
251 209 693 263 EXPERIMENTA
725 207 809 257 ΕΤ
844 209 1262 259 CONSECTARIA.
1350 227 1439 269 253

132 333 166 383 ς.
205 342 242 381 5.
284 339 322 375 8.
388 330 516 374 Radix
544 341 566 370 a
599 336 716 379 terra,
750 329 920 382 cingente
951 327 1092 381 ipffim,
1117 327 1309 384 nutritur3
1340 334 1439 384 quod

132 398 319 450 experim.
353 395 408 436 V1
444 393 586 434 abunde
626 391 801 434 ostendit.
837 406 878 442 9.
923 391 1051 433 Radix
1090 393 1262 433 deorstim
1316 395 1444 436 crescit

130 472 206 499 non
240 461 288 500 ab
317 456 533 500 attraitione
566 466 684 496 terrae
704 486 714 505 ‚
749 455 808 496 sed
843 457 890 496 ab
921 456 990 502 alia
1024 457 1137 496 cauffii
1173 456 1260 497 illuc
1289 458 1444 499 influen-

129 532 197 575 te,
231 523 333 576 quod
366 522 404 562 in
453 520 640 573 imperim,
675 521 719 560 X
753 530 869 574 patet.
909 532 980 558 10.
1025 520 1164 560 Effici
1203 522 1356 574 potest,
1394 532 1439 562 vt

128 595 167 626 et
199 585 354 627 radicula
376 575 422 624 *et
451 595 627 637 germen.
639 583 748 625 simul
780 582 913 625 sursum
932 595 1130 637 erumpant
1148 594 1281 624 eterra
1305 599 1316 640 3
1344 585 1447 639 quod

124 649 261 691 fastum
296 649 347 689 est
376 649 414 688 in
444 647 647 700 Experim.
686 647 782 702 IX3
814 648 934 688 neieio
967 656 1094 687 tamen
1117 680 1129 699 ,
1162 660 1210 688 an
1244 649 1281 688 in
1300 650 1433 689 omni-

127 713 194 754 bus
224 712 404 763 eiusmodi
434 712 571 760 casibus
606 712 772 752 similiter
804 711 880 752 hoc
919 711 1096 751 succedat.
1166 711 1268 750 Haec
1322 714 1443 766 itaque

127 778 203 817 iam
253 777 330 817 sunt
378 776 563 829 generalia
603 785 642 815 et
685 775 884 828 praecipu-21
936 773 1181 826 vegetationis
1232 775 1441 826 plantarum

127 841 387 893 phaenomena
407 869 420 893 ‚
454 851 544 892 quae
563 872 574 891 ‚
607 839 635 879 fi
668 839 856 892 explicare
890 838 1109 878 mech-inice
1144 838 1222 890 quis
1256 833 1444 890 voluerit,

126 904 266 944 videbit
297 904 377 945 sane
395 936 406 957 ‚
436 915 550 958 quam
583 902 765 944 haesitura
798 903 843 944 sit
876 902 944 957 ipsi
961 914 1054 956 aqua
1076 934 1087 955 ‚
1120 902 1159 942 in
1186 912 1321 942 eorum
1348 914 1443 943 vno-

126 980 283 1022 quoque.

235 1030 319 1072 ‘VL
354 1031 507 1084 Aquam
542 1043 675 1084 puram
695 1063 706 1082 ‚
740 1041 832 1084 quae
865 1028 930 1069 vel
962 1027 1091 1080 nullo,
1126 1027 1191 1068 vel
1210 1028 1377 1069 minimo
1395 1029 1448 1069 Γπ·

123 1093 158 1133 le
199 1095 253 1134 est
301 1095 438 1134 insecta
459 1127 470 1146 ,
520 1095 715 1147 optimum
763 1094 834 1133 effe
868 1093 1081 1146 plantarum
1135 1093 1408 1132 nutrimentum
1431 1125 1442 1144 ,

116 1156 231 1209 -plane
274 1159 507 1198 demonstrat
556 1159 747 1208 experim.
800 1154 878 1195 111.
962 1153 1031 1193 Illa
1064 1165 1155 1193 vero
1187 1166 1278 1207 aqua
1297 1186 1308 1206 ,
1343 1168 1440 1208 quae

121 1219 351 1259 refiertiffima
384 1220 436 1258 est
466 1218 653 1270 particulis
690 1217 832 1259 acribus
850 1249 862 1269 ‚
913 1216 974 1256 vel
1007 1215 1208 1269 sulphureis
1228 1248 1239 1267 ,
1292 1219 1442 1271 pingui-

122 1281 214 1331 bus,
249 1281 365 1334 qualis
397 1280 450 1321 est
483 1281 609 1320 vrinae
653 1289 694 1321 et
735 1281 838 1321 lastis
886 1289 924 1320 et
954 1278 1098 1334 spiritus
1147 1281 1227 1321 vini
1247 1313 1258 1333 ,
1310 1278 1446 1335 'quibus

117 1343 239 1384 fluidis
279 1357 370 1398 aqua
418 1357 496 1384 non
529 1344 594 1384 nisi
628 1357 701 1397 pro
743 1344 920 1386 vehiculo
968 1345 1132 1397 partium
1185 1344 1336 1385 aliarum
1357 1378 1367 1397 ‚
1402 1355 1440 1386 et

116 1406 281 1459 plurium
304 1441 315 1460 ,
348 1416 385 1447 et
417 1408 754 1460 heterogenearum
774 1441 784 1460 ‚
817 1409 902 1448 data
943 1408 1012 1447 efl‘e
1063 1409 1246 1461 videtur,
1295 1409 1441 1462 plantas

118 1481 197 1510 non
228 1469 348 1511 ibium
383 1484 462 1511 non
494 1482 698 1526 promouet
719 1505 730 1524 ,
764 1471 822 1512 sed
855 1472 974 1511 etiam
1006 1480 1152 1528 eneqat.

234 1533 326 1575 VII.
368 1532 471 1576 Cum
529 1536 844 1588 experimentum
908 1533 970 1574 III
1020 1535 1217 1586 ostendat,
1269 1532 1437 1587 spiritum

121 1595 200 1636 vini
220 1628 230 1648 ,
263 1610 337 1651 quo
367 1598 518 1653 irrigata
550 1599 615 1640 fuit
648 1599 729 1640 flaba
762 1600 885 1640 maior
905 1631 916 1650 ,
950 1597 1048 1638 hanc
1095 1596 1288 1651 perdidisse
1308 1629 1319 1648 ,
1369 1610 1437 1637 ne-

119 1671 188 1711 que
221 1660 341 1700 vllum
375 1662 413 1702 in
447 1675 490 1703 ea
522 1663 774 1717 vegetationis
804 1665 1079 1703 incrementum
1132 1658 1335 1702 excitasse:
1370 1661 1439 1702 du-

120 1723 204 1762 bito
235 1733 339 1763 certe
378 1727 425 1766 de
462 1738 509 1766 eo
527 1759 538 1778 ‚
587 1727 692 1779 quod
721 1728 874 1767 docetur
916 1727 953 1765 in
1002 1723 1179 1778 Regnalti
1228 1725 1441 1766 Entretiens

119 1785 313 1840 Phwfiques
336 1820 347 1837 ,
380 1796 493 1827 tomo
525 1787 622 1840 111,
656 1803 694 1841 p.
731 1793 786 1827 62
811 1822 821 1840 ‚
854 1790 902 1829 de
934 1791 1168 1829 acceleranda
1193 1790 1435 1841 vegetatione

118 1862 184 1903 pet
219 1850 380 1890 eundem
414 1850 582 1904 spiritum
604 1882 615 1901 ,
647 1851 706 1890 his
737 1853 857 1891 verbis
882 1867 890 1892 ·.
924 1852 1111 1906 Trempez
1145 1853 1239 1892 dans
1256 1852 1301 1891 de
1319 1850 1346 1891 l’
1365 1863 1437 1892 ecnc

117 1914 161 1954 de
193 1916 254 1954 vie
284 1914 329 1954 de
360 1913 400 1953 la
423 1916 561 1967 graine
594 1914 638 1954 de
671 1912 782 1956 laitue
800 1948 811 1967 ,
842 1915 887 1955 de
925 1913 1016 1956 chon
1035 1939 1050 1945 -
1058 1915 1161 1968 fleur
1181 1947 1191 1966 ‚
1223 1915 1269 1955 de
1297 1910 1436 1968 salade

116 1977 187 2024 &c
218 1977 331 2018 melez
363 1978 457 2017 dans
486 1976 519 2018 le
549 1984 697 2018 terrena
730 1980 774 2019 de
806 1978 845 2018 la
879 1977 1005 2020 cham
1037 1982 1172 2021 eteinte
1205 1978 1254 2026 ὡ·
1292 1985 1406 2019 morte
1425 2009 1436 2030 ‚

115 2042 256 2081 reduite
288 2054 332 2082 en
357 2042 496 2096 pouclre
516 2074 526 2092 ,
577 2052 671 2081 avec
701 2054 747 2081 un
776 2049 845 2096 peu
878 2042 922 2081 de
958 2043 1079 2090 flente
1110 2043 1155 2083 de
1184 2043 1352 2097 pige0n3
1386 2054 1433 2082 en

115 2104 208 2144 deux
231 2105 309 2161 sois
344 2117 401 2155 24
433 2103 563 2146 heures
595 2117 686 2145 vous
717 2117 834 2146 aurez
868 2105 932 2146 des
980 2104 1124 2146 laitues.
1201 2103 1354 2148 Mea-ez
1385 2107 1434 2147 de

113 2165 155 2208 la
177 2171 314 2224 graine
344 2170 390 2212 de
416 2168 533 2227 perfil
547 2201 558 2223 ‚
586 2176 743 2224 trempes
777 2169 872 2212 dans
903 2169 950 2211 du
991 2170 1160 2223 vinaig're
1181 2200 1195 2223 ‚
1225 2168 1275 2218 ξφ
1311 2177 1424 2222 apres

685 2231 706 2274 1
737 2234 750 2274 i
787 2244 812 2282 3
1277 2232 1305 2273 I'
1322 2233 1434 2272 avoir
