1971 2700
516 243 544 272 2
553 237 575 277 8
585 237 610 276 8
1004 227 1087 272 DE
1117 225 1309 274 ACERE

509 357 600 391 tum
633 344 843 401 specierum
877 357 949 400 pro
982 342 1139 384 naturali
1171 341 1364 384 habendus
1393 338 1469 393 est)
1502 337 1585 394 ipso
1618 338 1702 384 Cet.
1733 345 1829 388 Lin..

513 423 612 452 naeo
645 410 814 451 Auctore
833 442 844 461 ‚
878 419 991 450 notae
1022 407 1200 448 omnibus
1227 405 1417 460 speciebus
1449 417 1527 445 non
1566 409 1832 452 conuenientes

514 475 666 515 excludi
699 484 739 514 et
769 474 867 514 solae
900 473 1170 512 conuenientes
1202 471 1356 512 retineri
1389 470 1541 510 debent.

631 537 770 578 Prodiit
802 548 824 576 e
858 534 1058 576 seminibus
1090 548 1111 575 a
1144 535 1183 576 b.
1219 532 1395 576 Cerbero
1413 535 1507 575 olim
1527 533 1643 576 miffis
1666 544 1707 576 et
1727 535 1834 580 Mat.

514 600 570 641 n'o
602 600 732 641 mente
766 599 871 640 huius
903 601 994 641 anni
1027 599 1199 652 primum
1231 599 1369 640 floruit.

630 663 723 705 Icon
754 676 902 704 ramum
938 676 990 704 ex
1028 663 1233 704 iunioribus
1265 662 1380 715 fistit,
1416 663 1454 702 in
1486 675 1553 716 qna
1586 673 1714 706 tamen
1733 676 1837 708 error

512 740 534 769 a
569 728 718 782 pistore
750 727 968 769 commtss‘us
1002 727 1085 780 est,
1118 729 1222 782 quod
1258 727 1432 771 ibliorum
1471 729 1632 769 cruciata
1683 727 1837 783 dispost-

514 793 570 832 tio
603 804 683 832 non
715 790 883 846 expressa
916 791 988 844 fit,
1023 804 1056 832 a.
1101 792 1156 833 est
1187 792 1258 833 flos
1289 794 1327 832 in
1358 791 1468 832 calice
1520 791 1764 846 delitescens,
1797 794 1836 836 b.

511 856 656 896 corolla
691 868 712 896 e
744 856 858 896 calice
889 865 1060 897 exemta.
1110 869 1144 896 c.
1184 856 1319 897 fruetus
1350 865 1515 897 maturus
1534 887 1544 907 ‚
1577 870 1691 910 quem
1725 869 1747 897 e
1782 856 1838 899 fi:-

512 920 676 959 minibus
708 916 949 960 Gerberianis
968 952 979 972 ,
1013 932 1108 973 quae
1143 920 1364 961 assemantur
1381 954 1393 973 ,
1447 920 1626 962 delineari
1677 921 1804 963 curaui
1823 955 1836 975 ,

510 993 599 1023 cum
635 983 756 1023 nostm
790 995 868 1022 non
902 984 1158 1024 maturauerit.

627 1046 732 1086 Inter
772 1046 970 1100 descriptas
1008 1048 1152 1101 plantas
1197 1055 1236 1088 et
1286 1048 1350 1089 sub
1389 1049 1457 1090 dio
1495 1049 1700 1091 crescentes
1740 1047 1837 1092 nulla

510 1110 687 1150 notabilis
732 1110 943 1150 differentia
982 1111 1057 1163 cst,
1091 1111 1116 1152 fi
1159 1112 1427 1168 altitudinem,
1461 1124 1558 1170 quae
1587 1116 1628 1158 in
1653 1113 1840 1171 posteriog

504 1172 613 1216 sibus
642 1174 806 1216 dimidio
838 1176 988 1227 minor,
1019 1174 1200 1230 excipias.
