1971 2700
597 166 962 244 DESCRIPTIOss
1247 194 1250 196 ·
1372 216 1459 259 222

143 318 202 361 fita
232 315 418 370 naturali,
459 313 598 369 partim
627 313 674 354 ab
704 313 784 354 aliis
813 312 1024 354 auetoribus
1057 312 1252 368 descripta.
1317 316 1456 359 Omni-

142 395 207 424 um
240 382 374 422 horum
407 378 555 420 effizstus
585 389 677 417 vero
704 389 781 417 non
815 377 937 418 maior
969 377 1052 430 est,
1103 391 1216 432 quam
1267 389 1313 421 vt
1363 381 1456 421 ima-

142 445 294 501 guncula
327 443 507 498 quaedam
537 440 659 481 leuior
693 452 742 481 eo
790 442 828 481 in
879 451 1030 482 motum
1083 443 1261 484 concitari
1313 444 1458 499 possit3

140 509 309 563 adeoque
340 507 388 548 ad
416 505 524 548 vsum
566 503 831 548 mechanicum
874 505 1018 547 nullum
1070 508 1327 549 commodum
1374 508 1460 550 inde

147 572 308 614 resultat.

289 700 311 749 §
346 709 386 739 2.
421 695 523 740 Cum
556 698 686 740 nostris
718 698 957 753 temporibus
990 698 1037 739 de
1070 699 1241 741 violenta
1287 701 1463 743 metallo-

144 777 230 806 rum
247 764 461 806 dilatatione
494 772 533 803 et
565 763 825 803 contractione
856 775 924 818 per
958 763 1124 803 calorem
1159 773 1201 803 et
1235 764 1346 817 frigus
1378 766 1462 818 plu-

141 828 239 869 rima
271 828 532 882 experimenta
572 828 802 868 innotuerint
826 859 837 879 ‚
879 826 1089 867 admodum
1145 825 1251 867 fficile
1299 837 1379 867 erat
1426 829 1466 868 in

141 893 417 945 cogitationem
454 890 616 932 incidere
649 892 697 932 de
730 890 944 932 adhibendo
980 889 1042 930 tali
1075 889 1232 931 subfldio
1282 891 1329 932 ad
1377 903 1465 944 per-

140 965 291 1008 petuum
326 955 469 996 mobile
502 954 663 995 naturale
701 954 939 1008 praestantius
972 953 1276 994 construendum.
1355 952 1458 995 Cum

140 1019 244 1058 enim
276 1018 367 1060 haec
398 1020 457 1059 vis
491 1018 730 1070 expansionis
771 1026 810 1056 et
857 1016 1124 1056 conti-aetionis
1174 1015 1250 1056 fere
1284 1016 1460 1071 infinita,

138 1079 266 1122 saltem
298 1083 339 1121 vi
372 1081 604 1123 cohaesrouis
636 1081 798 1135 partium
834 1079 1003 1134 corporis
1036 1080 1160 1119 maior
1200 1079 1272 1131 sit,
1312 1080 1456 1121 nullum

137 1153 217 1183 erat
267 1146 421 1186 dubium
441 1177 451 1196 ‚
504 1144 696 1185 machinas
727 1156 768 1184 ea
809 1144 849 1182 in
901 1152 1053 1182 motum
1105 1143 1287 1182 concitari
1335 1143 1454 1196 poste.

134 1206 205 1248 Ast
245 1218 338 1258 opus
372 1206 493 1259 ipsum
526 1206 688 1257 exequi,
722 1205 785 1245 vel
819 1205 898 1244 vim
940 1205 1082 1245 hancce
1122 1205 1193 1244 rite
1239 1206 1424 1261 adplicare
1444 1237 1456 1258 ‚

134 1278 178 1310 vt
233 1277 363 1309 motus
393 1267 502 1307 omni
537 1276 742 1308 momento
786 1277 985 1322 perpetuus
1017 1278 1056 1309 et
1094 1267 1294 1310 vniformis
1333 1272 1420 1311 effer
1442 1300 1456 1324 ,

135 1331 343 1373 maioribus
383 1330 663 1372 difficultatibus
696 1331 942 1385 premebatur.
1012 1332 1143 1372 Primo
1181 1333 1287 1373 enim
1331 1335 1457 1375 decre-

131 1403 307 1436 mentum
339 1404 379 1435 et
412 1396 693 1436 incrementum
727 1395 860 1436 caloris
894 1396 930 1435 in
964 1395 1194 1437 craffioribus
1229 1398 1342 1450 virgis
1372 1409 1457 1437 me·

134 1458 263 1498 tal-icis
279 1470 356 1498 non
391 1459 443 1499 est
478 1468 556 1498 tam
591 1457 816 1499 subitaneum
837 1491 848 1510 ,
882 1472 997 1513 quam
1030 1460 1068 1498 in
1101 1471 1207 1513 aere3
1240 1460 1372 1500 deinde
1391 1472 1458 1500 ne·

137 1533 207 1574 que
239 1521 404 1562 dilatatio
435 1533 473 1563 et
509 1522 723 1563 contractio
758 1522 895 1562 metalli
939 1532 1017 1563 tam
1070 1521 1239 1564 senfibilis
1288 1524 1339 1563 est
1390 1536 1458 1577 per

136 1583 309 1623 eamdem
351 1586 553 1626 minimam
590 1586 721 1627 caloris
752 1590 1001 1626 var1at'onem
1022 1618 1032 1636 ,
1066 1598 1176 1639 quam
1198 1598 1240 1625 ea
1265 1618 1275 1637 ‚
1303 1586 1457 1639 quaein

133 1659 218 1687 aere
247 1645 464 1688 obseruatur.
533 1638 709 1703 Denique
745 1661 870 1689 morus
902 1649 1167 1689 contractionis
1184 1659 1223 1688 et
1268 1650 1457 1690 dilatatio·
1493 1695 1499 1703 .

134 1711 220 1762 nis,
263 1719 396 1764 vtpote
429 1712 495 1752 fibi
528 1712 689 1752 inuicem
723 1712 897 1753 contrarir
918 1745 927 1763 ,
968 1713 1148 1754 maximo
1191 1723 1293 1752 erant
1335 1713 1454 1752 obsta-

134 1774 221 1814 culo
241 1803 252 1822 ,
293 1786 368 1826 quo
398 1774 520 1814 minus
552 1775 725 1815 machina
759 1777 936 1828 quaedam
969 1788 1003 1815 e.
1038 1788 1074 1828 g.
1120 1776 1361 1828 horologium
1417 1778 1455 1815 in

134 1846 245 1877 motu
279 1835 458 1876 vmformi
491 1835 620 1876 seruari
657 1837 774 1889 poffet
795 1867 806 1884 ‚
841 1838 905 1877 nisi
944 1838 1156 1879 alterutram
1193 1838 1321 1878 harum
1364 1839 1454 1878 viri-

133 1912 199 1940 um
235 1899 413 1939 inutiliter
446 1899 599 1951 perdere
634 1900 809 1940 velimus.
876 1899 1028 1953 Insuper
1068 1902 1328 1941 meditandum
1371 1910 1451 1942 erat

135 1964 182 2003 de
214 1973 315 2002 nouo
346 1961 513 2016 quodam
548 1963 738 2014 artificio,
773 1975 850 2016 quo
884 1963 980 2003 effici
1023 1974 1198 2015 poterat,
1242 1977 1288 2003 ne
1331 1963 1449 2004 horo-

133 2026 279 2079 logium
321 2027 379 2066 sub
412 2024 563 2065 afflone
597 2026 798 2065 alterutrius
834 2026 890 2064 vis
924 2028 959 2065 in
993 2036 1102 2066 motu
1136 2027 1197 2067 suo
1243 2028 1451 2078 im3cdire-

134 2098 193 2128 tur
214 2120 226 2140 ‚
259 2089 581 2142 quemadmodum
615 2091 652 2128 in
686 2089 865 2130 omnibus
899 2088 1106 2143 horologiis
1126 2123 1135 2139 ,
1168 2100 1333 2142 excepto
1377 2092 1447 2131 lm-

130 2155 288 2206 geniano
309 2185 320 2206 ,
361 2163 397 2195 et
446 2153 730 2194 leutmanniano
778 2152 852 2207 fit,
895 2153 922 2193 si
972 2153 1037 2194 vel
1087 2153 1198 2194 elatcr
1247 2154 1446 2194 intruditur

1383 2216 1445 2259 vel
