1971 2700
495 150 581 194 εει
675 143 762 192 DE
795 140 1190 200 BAROMETRO,
1221 139 1390 191 CVWs
1422 133 1633 192 scarus

605 259 868 306 Confidemtio
900 261 1045 304 horum
1076 260 1297 305 defectuum
1331 260 1544 301 barometri
1569 257 1809 302 Bernoullia·

488 327 528 369 ni
561 327 783 370 ocasionem
818 326 922 368 dedit
957 326 1057 367 hisce
1090 326 1189 368 meis
1209 357 1221 376 ,
1252 337 1346 380 quae
1379 325 1574 378 lequuntur
1608 324 1810 378 cogitatio-

489 391 597 431 nibus
615 424 628 443 ,
658 404 746 446 quas
781 391 950 431 examini
986 389 1169 430 ibcietatis
1198 390 1395 430 lubmitto.
1458 387 1663 430 Vtclarius
1680 387 1812 428 omnia

490 465 642 512 patmnt
661 487 673 508 ,
705 457 746 496 in
777 454 1005 496 antecesshm
1037 452 1188 508 sequens
1219 453 1419 509 problema
1452 450 1592 493 soluere
1636 451 1759 493 liceat.

995 553 1305 614 Problema.

608 676 645 726 §.
672 688 710 716 x.
745 674 848 718 Data
882 674 1067 730 pressione
1116 677 1404 732 atmosphaerae
1458 687 1526 730 per
1575 672 1816 714 altitudinem

491 739 787 781 barometricam
820 742 995 794 express‘a
1015 773 1026 792 ‚
1059 749 1096 780 et
1130 742 1240 782 simul
1272 743 1474 783 columnae
1493 738 1681 779 cuiusdam
1714 748 1819 777 mer-

490 803 668 857 curialis,
700 817 791 846 cum
824 817 894 859 qua
927 804 1161 846 coniunctim
1205 804 1471 859 atmosphaera
1524 805 1653 843 aerem
1707 812 1821 842 com-

494 869 634 921 primit
663 878 703 908 et
734 869 771 908 in
804 870 895 909 dato
926 869 1128 909 volumine
1160 871 1331 910 continet
1351 902 1360 919 ,
1394 870 1554 921 datoque
1591 867 1820 907 decremen-

492 939 537 971 to
569 931 770 971 altitudinis
804 932 1079 973 barometricae
1113 933 1281 972 inuenire
1325 934 1609 974 incrementum
1657 927 1823 970 volumi·

493 995 550 1036 nis
581 996 678 1036 aeris
709 995 909 1036 constantis
943 995 1094 1049 semper
1127 996 1343 1048 temperiei.

997 1102 1300 1164 Resolutio.

295 1239 366 1270 τώ.
389 1237 455 1270 vii.
621 1223 663 1281 1)
699 1223 943 1281 Concipiatur
987 1223 1093 1266 tubus
1135 1224 1270 1265 vitreus
1318 1218 1400 1262 AB
1415 1219 1576 1263 CDE:
1613 1232 1700 1274 pars
1733 1220 1768 1261 A
1789 1219 1824 1260 B

443 1305 450 1314 ·
498 1287 543 1331 sit
590 1291 763 1344 amplior
813 1301 851 1330 et
893 1291 929 1329 in
964 1290 1107 1330 vertice
1141 1288 1241 1329 Asit
1259 1297 1413 1341 apertus
1437 1318 1449 1335 ‚
1485 1298 1568 1339 pars
1598 1283 1633 1324 B
1654 1282 1689 1324 C
1708 1282 1750 1324 D
1783 1283 1826 1324 fit

496 1353 685 1406 angustior
718 1364 757 1394 et
790 1355 828 1395 A
848 1351 882 1393 B
914 1365 1006 1393 cum
1041 1351 1136 1393 CD
1169 1351 1277 1392 faciat
1313 1350 1492 1402 angulum
1510 1349 1670 1388 rectum.
1738 1343 1826 1387 CD

497 1428 597 1458 vero
632 1416 779 1457 finiatur
811 1416 927 1458 bulbo
956 1416 1137 1470 ampliori
1169 1413 1211 1456 D
1232 1415 1268 1456 E
1302 1411 1436 1455 clauso.
1509 1410 1757 1464 concipiatur

619 1487 662 1532 2)
697 1479 828 1522 Tubus
861 1480 899 1520 A
919 1477 953 1520 Β
986 1481 1024 1521 in
1056 1479 1122 1521 situ
1177 1477 1348 1520 verticali
1379 1487 1419 1518 et
1459 1473 1495 1517 C
1513 1475 1557 1518 D
1586 1476 1626 1515 in
1659 1474 1726 1515 situ
1758 1473 1828 1516 ho-

499 1544 670 1586 rizontali
690 1577 701 1596 ,
730 1556 768 1584 et
804 1554 967 1599 ponatur

624 1605 668 1662 3)
703 1608 917 1662 Argentum
954 1608 1090 1648 viuum
1110 1607 1275 1661 stagnare
1307 1618 1328 1646 a
1363 1603 1558 1659 superficie
1590 1603 1656 1645 ab
1690 1604 1737 1645 ad
1770 1603 1837 1645 cd

503 1679 543 1711 et
576 1683 668 1712 cum
721 1671 987 1725 atmosphaera
1037 1671 1275 1712 coniunctim
1328 1671 1592 1723 comprimere
1625 1671 1758 1709 aerem
1791 1676 1833 1708 et

505 1735 615 1776 illum
649 1737 830 1776 co'e'rcere
863 1736 900 1775 in
934 1735 1053 1789 spatio
1086 1736 1150 1777 cd
1183 1735 1224 1776 D
1246 1735 1347 1776 Ec:
1383 1734 1425 1774 sit

624 1797 669 1855 4)
704 1799 842 1841 Preffio
874 1799 1161 1854 atmosphaeme
1194 1809 1232 1839 et
1267 1797 1440 1838 mercurii
1474 1797 1511 1837 in
1546 1797 1641 1838 tubo
1672 1796 1833 1838 vertica-

507 1864 533 1904 li
566 1864 604 1905 A
626 1862 660 1904 B
694 1863 892 1918 stagnantis
939 1863 1180 1905 coniunctim
1221 1872 1263 1903 vt
1295 1861 1450 1903 altitudo
1481 1876 1502 1903 c
1535 1862 1735 1902 columnae
1769 1871 1832 1899 cu·

508 1929 651 1969 iusdam
685 1928 928 1969 mercurialis.
996 1927 1052 1970 Sit

628 1992 672 2045 5)
705 1990 836 2032 ScCtio
868 1992 1116 2033 horizontalis
1145 1990 1356 2044 capacitatis
1389 1986 1466 2027 tubi
1502 1986 1538 2026 A
1560 1985 1594 2027 B
1615 2000 1669 2027 z
1688 1999 1714 2027 a

626 2053 669 2108 6)
703 2054 901 2095 Volumcn
934 2055 1028 2095 a'c'ris
1058 2055 1095 2094 in
1132 2055 1246 2094 bulbo
1277 2063 1361 2092 ante
1401 2049 1657 2092 dilatationem
1693 2062 1747 2089 z
1779 2048 1833 2089 V.

630 2114 673 2172 7)
706 2115 1013 2159 Decrementum
1047 2116 1238 2173 prcffionis
1287 2114 1573 2170 atmosphaerae
1606 2126 1648 2157 vt
1680 2113 1838 2155 altitudo

1719 2188 1835 2218 cuius-
