1971 2700
538 177 626 215 126
778 169 1137 216 ATMOMETRI
1168 164 1577 211 CONSTRVCTIO
1605 179 1673 214 cet.

535 297 649 326 neam
682 295 828 328 tantum
852 320 863 339 ,
922 287 1243 331 decrementum}
1262 295 1319 337 gr.
1343 314 1354 335 ‚
1388 282 1414 323 si
1449 294 1518 336 per
1563 280 1761 327 dimidiam
1805 287 1848 328 li-

528 362 676 402 neam,
710 340 813 404 {.gr
847 350 873 391 si
907 364 977 406 per
1007 361 1177 404 quartam
1229 357 1375 402 partem
1410 347 1529 387 lineae
1560 348 1751 403 cleu-amr,
1781 351 1847 392 de-

534 420 811 461 crementum.
833 427 891 468 gr
925 417 1104 455 indicatur
1136 424 1210 453 etc.

651 478 686 525 §-
709 491 751 526 9.
789 477 977 532 Descripsi
1011 488 1132 532 partes
1167 476 1333 530 proprias
1348 474 1544 516 machinae
1577 474 1688 528 satis,
1719 476 1850 538 addere

534 549 684 579 tantum
718 541 827 580 liceat
861 542 909 582 ad
943 552 1073 595 aptam
1106 540 1424 582 constructionem
1477 539 1640 580 multam
1690 535 1851 584 cimam·

533 602 767 656 spectionem
802 612 840 644 et
873 605 1150 646 exastissimam
1182 605 1338 645 fiibriam
1369 605 1514 658 requiri.
1590 602 1772 657 Inprimis

653 664 693 721 1)
728 667 886 709 Parietes
918 669 1010 710 vasis
1058 667 1345 721 CEFD,:1c
1376 667 1581 709 rotularum
1631 681 1722 721 cc,
1750 668 1851 724 dd,

533 743 592 771 ee
610 763 621 782 ,
639 730 712 786 ff
733 742 808 771 etc.
843 730 980 772 frontes
1011 732 1250 786 politissimae
1279 742 1320 772 et

650 794 695 850 2)
731 794 890 848 Regulae
921 809 984 837 aa
1002 796 1123 849 ,bb‚
1155 806 1229 837 etc.
1260 796 1461 851 parietibus
1495 795 1583 836 valis
1624 795 1758 837 exacte
1782 810 1849 852 pa-

532 857 678 898 muclae
710 859 782 898 effe
813 859 966 900 debent.

652 919 695 978 3)
729 922 802 962 Vas
832 919 991 963 GIKH
1025 923 1134 964 {itum
1166 923 1398 965 exafflssime
1447 925 1664 965 verticalem
1716 922 1853 965 habere

531 985 672 1036 debet,
703 987 765 1038 qui
798 986 988 1026 obtinetur
1009 1018 1020 1036 ‚
1054 985 1280 1027 simachina
1327 987 1494 1028 cochleis
1529 988 1582 1038 k,
1617 988 1659 1040 l,
1692 998 1763 1028 etc.
1800 989 1854 1028 in-

535 1048 656 1088 fisiens
705 1049 849 1090 auxilio
900 1050 1141 1091 cochlearum
1174 1048 1224 1090 sic
1256 1049 1458 1089 collocatur
1475 1081 1486 1101 ,
1537 1060 1581 1090 vt
1631 1052 1857 1103 pouauoeula

533 1124 569 1151 m
588 1143 598 1162 ,
632 1124 655 1151 n
674 1143 685 1163 ,
717 1123 790 1152 etc.
825 1125 874 1153 ex
909 1113 982 1154 filis
1014 1126 1116 1166 om,
1143 1121 1211 1167 pn
1231 1143 1242 1163 ,
1276 1122 1348 1152 etc.
1393 1112 1596 1166 pendentia
1626 1125 1676 1154 ex
1708 1113 1857 1160 diuersis

533 1175 628 1216 vasis
662 1176 825 1228 partibus
858 1176 1192 1230 procumbentibus
1222 1186 1314 1229 oq,
1340 1183 1412 1229 pr
1450 1186 1526 1215 etc.
1558 1176 1629 1216 filis
1676 1177 1858 1220 directio-

533 1250 626 1279 nem
659 1240 876 1293 permittant
910 1240 1111 1294 parietibus
1149 1239 1240 1279 vasis
1280 1235 1441 1280 Guffl
1494 1239 1725 1293 parallelam.
1791 1240 1861 1282 His

534 1302 684 1344 cautelis
716 1302 912 1344 obseruatis
943 1305 1100 1344 enitatur
1147 1302 1344 1354 afflictus,
1394 1303 1458 1357 qui
1492 1299 1703 1344 machinae
1739 1303 1859 1343 astio-

534 1377 624 1406 nem
658 1365 802 1420 prorsus
833 1368 1020 1420 impedire
1053 1368 1207 1408 valeret.

653 1429 699 1484 4)
733 1431 864 1485 A.quie
899 1432 1054 1471 ¹iltitudo
1085 1432 1124 1471 in
1159 1430 1240 1471 vase
1275 1428 1593 1473 G11<Hcadem
1622 1394 1859 1483 semperier.

534 1492 616 1533 vari
649 1493 793 1546 debet,
826 1507 939 1547 quire
972 1493 1195 1535 affundenda
1229 1495 1281 1535 est
1315 1508 1440 1549 aqua,
1472 1494 1497 1535 fi
1529 1494 1691 1534 decreuit
1731 1493 1857 1533 altitu-

535 1556 586 1595 do
607 1589 617 1607 ,
649 1568 691 1598 vt
724 1557 966 1611 cognoscatur
999 1559 1282 1600 decrementum
1315 1559 1421 1600 tubus
1461 1558 1600 1598 vitreus
1648 1558 1857 1599 incuruatus

538 1618 628 1659 Stv.
663 1623 947 1662 communicare
978 1622 1090 1662 debet
1123 1635 1209 1662 cum
1244 1623 1337 1662 vase

658 1682 699 1737 5)
734 1684 865 1737 Aquae
901 1686 939 1725 in
975 1684 1058 1724 vase
1092 1683 1250 1726 Glm(
1303 1685 1506 1738 temperies
1538 1685 1652 1724 etiam
1704 1684 1856 1738 cognita

537 1745 608 1786 ess‘e
641 1747 785 1796 debet,
819 1749 903 1801 quia
939 1758 1081 1789 mutata
1117 1749 1300 1802 temperie
1334 1751 1450 1789 etiam
1491 1747 1646 1789 densitas
1696 1749 1859 1802 aliquan·

538 1819 620 1850 tum
657 1821 849 1864 mutatur,
881 1811 1202 1852 thermometmm
1240 1814 1350 1866 igitur
1383 1813 1498 1853 etiam
1535 1812 1712 1867 immergi
1746 1811 1859 1852 debet

539 1885 684 1926 aquae:
723 1875 828 1914 tubus
861 1875 949 1916 hinc
986 1876 1122 1916 vitreus
1161 1875 1248 1916 Stv.
1306 1886 1428 1917 tantae
1477 1876 1733 1928 amplitudinis
1782 1870 1857 1914 effe

539 1936 649 1977 debet
671 1971 680 1989 ‚
714 1948 756 1977 vt
789 1938 1058 1979 thermometri
1094 1940 1250 1980 bulbum
1284 1941 1453 1991 recipere
1487 1937 1608 1990 ponit.

655 1999 700 2054 o)
739 2001 790 2040 Vt
824 2003 973 2042 indicari
1009 2003 1128 2042 statim
1166 2001 1274 2053 possir
1295 2035 1305 2051 ,
1338 2009 1472 2053 quanta
1506 2000 1549 2039 sit
1582 2001 1744 2040 elevatio
1773 2013 1855 2041 ma-

539 2061 672 2102 chinae
705 2075 742 2102 et
775 2064 862 2104 hinc
883 2096 893 2113 ,
926 2074 1109 2117 quantum
1151 2063 1194 2103 sit
1237 2064 1539 2103 decrementum.
1623 2063 1727 2104 Scala
1758 2078 1796 2105 w
1819 2078 1854 2117 y

541 2125 716 2179 adplicari
748 2127 858 2167 debet
910 2127 1043 2181 parieti
1078 2126 1167 2169 vans
1205 2125 1382 2168 AABB
1420 2127 1459 2167 in
1492 2127 1605 2168 lineas
1654 2127 1780 2168 Lond.
1814 2137 1855 2168 et

1710 2200 1858 2246 quartas
