1971 2700
722 123 876 182 (19)

142 261 275 291 ocrem
320 260 455 289 nauem
494 243 703 285 onerariam
752 255 775 282 2
811 242 995 285 horarum
1036 242 1154 298 spatio
1194 243 1269 286 fiere
1301 259 1370 300 per
1401 257 1447 289 v-

143 326 237 355 num
282 313 442 352 milliare
481 308 744 362 germanicum
786 320 1018 360 promouere
1060 309 1213 349 valeant
1232 342 1242 361 ,
1276 310 1315 349 id
1348 313 1450 363 quod

144 377 341 426 subiunc‘tO
375 373 516 414 calculo
549 372 785 412 monstrauit.
851 371 905 412 Et
927 373 997 412 vix
1039 374 1234 427 quisquam
1253 374 1299 414 de
1315 374 1453 415 effectu

146 441 253 482 huius
284 438 479 481 machinae
509 435 709 487 dubitabit,
741 435 768 475 si
802 436 1086 476 considerauerit
1118 436 1320 477 hominem
1355 450 1454 490 pon-

151 505 238 544 dere
269 504 332 543 suo
365 501 468 542 simul
504 500 671 540 adiutum
706 500 781 538 iere
815 500 1016 553 quintuplo
1054 501 1247 541 maiorem
1281 501 1367 541 vim
1401 500 1457 541 su-

149 563 278 622 perare
311 565 416 619 posse
437 598 448 616 ,
480 576 522 604 ac
555 562 637 604 solis
668 563 845 603 brachiis.
908 564 1132 618 Optandum
1167 576 1318 619 quoque
1350 563 1456 616 effet,

150 642 196 672 vt
227 630 310 670 talis
350 628 556 682 adplicatio
589 628 647 667 vis
689 626 877 667 humanae
920 629 960 667 in
981 629 1144 681 pluribus
1175 627 1362 669 machinis
1394 629 1460 669 ad-

150 695 367 745 hiberetur,
428 692 494 731 vbi
536 704 586 731 ex
628 693 829 730 inueterata
866 691 1132 730 consuetudine
1180 705 1268 732 cum
1318 705 1461 746 magno

151 757 344 812 dispendio
375 755 490 796 solam
514 754 767 807 ⁴brachiorum
809 755 892 796 vim
924 754 1111 808 adplicare
1150 753 1325 793 solemus.

151 856 363 895 EIVSDEM
393 854 456 892 DE
484 852 1060 942 HOROLOGCIPCgquRPETVO
1095 852 1259 891 MOBILI
1290 851 1468 890 DISSER-

153 980 328 1078 Nemo
359 980 465 1021 facile
497 981 604 1022 datur
637 979 907 1031 mechanicus,
941 978 1006 1019 vel
1037 978 1342 1033 horologipoeus
1361 1011 1372 1031 ‚
1406 978 1472 1018 vel

272 1047 390 1085 etiam
432 1044 535 1083 fiiber
573 1044 725 1083 serarius
756 1043 912 1094 ingenio
952 1043 1183 1096 aliquantum
1210 1044 1340 1084 audaci
1365 1055 1471 1096 prae-

157 1108 285 1158 ditus,
326 1108 390 1159 qui
431 1120 508 1146 non
547 1107 674 1157 aliquo
714 1105 840 1143 modo
878 1105 926 1143 de
967 1114 1156 1157 perpetuo
1193 1107 1330 1146 mobili
1379 1118 1473 1146 con·

156 1169 330 1209 struendo
360 1168 512 1219 cogitet,
545 1167 609 1206 vel
641 1166 762 1206 saltim
784 1166 852 1206 fibi
885 1168 1102 1220 persuadeat
1136 1170 1171 1208 se
1203 1169 1294 1210 illud
1327 1170 1475 1210 inueni-

157 1243 199 1272 re
231 1240 269 1271 et
300 1231 510 1271 construere
544 1230 650 1284 posse
670 1263 680 1282 ,
713 1230 738 1270 fi
771 1230 841 1284 ipfi
874 1232 999 1271 otium
1033 1242 1071 1272 et
1088 1235 1229 1272 sumtus
1260 1233 1473 1287 suppetant,

157 1295 257 1335 adeo
298 1303 343 1334 vt
373 1304 480 1335 autor
513 1293 710 1346 affirmet,
743 1293 777 1334 se
809 1295 874 1334 vel
906 1296 1044 1336 librum
1079 1297 1307 1337 conscribere
1340 1296 1445 1350 posse
1464 1329 1475 1348 ,

161 1359 188 1399 s1
231 1371 365 1399 omnes
411 1358 490 1398 illas
533 1359 629 1399 ideas
670 1360 793 1398 varias
832 1368 871 1398 et
903 1360 1075 1399 ridiculas
1109 1361 1291 1414 colligere
1324 1361 1475 1411 vellet,

162 1435 259 1477 quae
278 1422 403 1462 secum
420 1435 604 1477 vmquam
624 1423 668 1463 ab
684 1423 872 1462 eiusmodi
892 1422 1106 1476 artificibus,
1125 1426 1350 1477 quibuscum
1371 1423 1478 1477 paul-

162 1486 202 1526 lo
243 1486 499 1526 confidentior
541 1485 767 1527 consuetudo
808 1487 876 1540 ipsi
917 1488 1013 1538 fuit,
1060 1489 1341 1528 communicata
1383 1487 1477 1527 sunt.

164 1549 373 1590 Adnotauit
404 1562 550 1604 quoque
584 1551 722 1603 saepius
743 1581 755 1601 ,
791 1551 868 1590 iam
903 1550 997 1590 istud
1030 1563 1101 1604 pro
1119 1552 1275 1590 inuento
1291 1561 1328 1590 et
1354 1562 1482 1603 reper-

165 1621 207 1652 to
246 1623 329 1653 tum
372 1614 603 1666 praedicari,
646 1615 729 1652 imo
770 1614 808 1653 in
848 1614 1004 1654 nouellis
1047 1615 1204 1667 publicis
1251 1613 1482 1667 significari,

166 1677 231 1717 vbi
266 1676 401 1717 artifex
434 1676 508 1730 ipse
552 1687 679 1717 tamen
723 1677 843 1718 adhuc
884 1678 930 1718 de
970 1677 1035 1717 illo
1070 1678 1319 1718 construendo
1360 1678 1483 1718 medi-

167 1750 263 1780 tatur
283 1774 292 1791 ,
327 1742 493 1794 adeoque
527 1741 718 1781 eiusmodi
759 1741 1030 1791 relationibus,
1073 1742 1140 1781 nisi
1171 1743 1333 1781 certiora
1367 1742 1483 1782 docu-

173 1813 300 1842 menta
344 1806 517 1854 exstent,
560 1806 671 1856 plane
722 1818 798 1845 non
841 1805 1036 1845 fidendum
1089 1803 1163 1844 effe
1211 1806 1361 1845 iudicat.
1427 1804 1484 1843 Vt

170 1867 377 1918 plurimum
419 1867 593 1917 reperit,
637 1867 719 1906 illos
761 1878 906 1908 tantum
949 1867 1109 1907 artifices
1150 1870 1233 1907 talia
1269 1868 1485 1918 somniare,

169 1930 229 1982 qui
266 1927 460 1967 mashimz
491 1929 534 1966 tid
569 1929 749 1968 calculum
787 1943 963 1970 reuocare
996 1931 1183 1982 ignorant.
1250 1931 1408 1971 Interim
1429 1940 1485 1969 t:-

174 2005 264 2032 meu
306 1992 474 2030 facundia
519 1990 574 2029 iiia
622 1993 760 2043 inspius
803 1996 918 2032 ctiam
962 1995 1154 2043 eruditos,
1188 1994 1321 2033 harum
1357 2007 1487 2033 rerum

176 2058 350 2108 ignaros,
384 2055 421 2093 in
456 2055 746 2094 admirationem
790 2055 839 2096 sui
876 2055 1023 2095 trahere
1056 2057 1204 2107 solent,
1239 2058 1335 2097 adeo
1372 2068 1412 2097 vt
1446 2057 1486 2097 hi

172 2121 360 2160 maiorem
415 2118 605 2159 scientiam
641 2129 678 2158 et
711 2120 884 2173 peritiam
928 2120 965 2160 in
1007 2120 1114 2162 rebus
1147 2122 1376 2162 mechanicis
1408 2121 1488 2160 talia

819 2197 840 2224 c
862 2197 886 2224 2
1426 2186 1490 2224 bus
