1971 2700
430 165 510 207 DE
537 162 758 206 BESTIIS
789 163 1067 207 MARINIS,
1324 177 1410 214 303

229 280 350 321 Nares
381 279 419 317 in
453 276 598 316 summa
630 286 673 313 ac
705 274 848 312 extima
880 283 985 325 parte
1025 274 1160 326 capitis
1192 275 1276 314 fitne
1308 276 1411 327 sunt,

116 353 159 385 vt
192 344 229 383 in
263 343 389 396 equis,
437 338 600 390 duplices
628 336 707 376 sunt
725 368 736 386 ,
768 335 941 375 columna
973 335 1086 376 craffa
1105 339 1340 390 cartilaginea
1376 345 1416 385 13

114 408 293 461 pollicem
326 405 398 444 lata
427 399 656 452 interseptae.
716 399 842 440 Nares
883 398 979 452 ipsae
1014 412 1053 439 2.
1088 402 1240 454 pollices
1278 403 1414 454 longae

113 481 151 510 et
183 468 342 509 totidem
372 462 632 505 diametralite‘r
668 463 763 503 latae
781 495 793 514 ,
842 463 988 514 patulae
1005 494 1016 514 ‚
1067 464 1268 505 introrsum
1319 476 1415 504 vero

114 532 242 572 multis
272 525 466 570 curuaturis
496 525 553 565 leu
582 525 801 578 labyrinthis
833 527 1025 566 tendentes
1043 559 1055 578 ,
1088 540 1191 569 nares
1221 529 1317 568 intus
1346 541 1425 568 νὼ·

114 594 305 635 lidiffimae
335 588 483 644 mgosie
499 601 542 628 ac
560 589 686 629 multis
715 589 828 642 nigris
847 590 948 640 poris
965 591 1107 642 pertusa
1125 603 1261 632 nemea
1288 604 1415 631 mem-
1462 640 1467 644 ι

115 659 227 698 brana
260 654 470 695 obuestitae.
533 651 572 691 E
603 653 748 705 singulis
781 652 880 705 poris
909 650 1006 691 setae
1039 655 1221 704 prodeunt
1257 655 1311 694 fili
1343 654 1414 694 fiir.

110 722 195 761 torii
213 717 361 760 craffitie
380 722 393 763 ξ
414 715 558 755 vnciam
578 716 700 768 longi,
720 715 840 754 euulsu
856 713 1000 766 faciles,
1018 715 1180 769 illudque
1196 718 1380 770 praestant
1399 747 1412 768 ‚

111 785 211 837 quod
242 780 404 822 vibriffiie
434 780 473 818 in
502 778 581 818 aliis
605 778 840 819 animalibus.

225 844 333 886 Oculi
364 842 493 882 exacte
532 843 573 881 in
601 842 743 882 medio‘
782 842 878 880 inter
916 849 1135 880 extremum
1186 840 1344 882 rostrum
1376 850 1417 882 et

112 920 212 948 autes
242 908 318 958 siti,
350 905 503 946 summis
534 905 678 945 naribus
709 903 890 957 paralleli,
910 904 968 943 vel
1002 904 1186 945 tantillum
1221 905 1338 945 fitltim
1358 906 1417 946 al-

46 983 52 990 ·
112 973 241 1021 tiores,
276 971 312 1010 in
346 979 422 1009 tum
459 967 560 1007 vasto
590 980 749 1020 corpore
783 966 1015 1006 minutiffimi
1048 965 1156 1018 sunt,
1198 980 1268 1008 nec
1294 969 1418 1024 ouillis

111 1035 271 1085 maiores
289 1065 300 1084 ,
329 1032 418 1071 foris
445 1042 564 1082 neque
595 1031 704 1080 ciliis,
738 1041 856 1083 neque
890 1030 970 1070 vllo
999 1030 1074 1070 alio
1102 1041 1264 1070 externo
1302 1043 1420 1083 appa-

111 1106 189 1136 ratu
221 1095 382 1135 instrud'ti
404 1125 415 1145 ‚
450 1094 508 1132 scd
539 1105 560 1132 e
588 1104 672 1133 cute
691 1125 702 1142 ,
735 1092 919 1132 foramine
952 1093 1084 1144 pei-uio
1112 1093 1280 1132 rotundo
1301 1101 1312 1139 ξ
1333 1093 1415 1145 pol-

110 1159 221 1198 licem
255 1157 325 1196 vix
363 1157 402 1194 in
430 1157 621 1194 diametro
671 1163 819 1206 patente
838 1184 850 1203 ,
898 1155 1033 1193 cernui.
1100 1152 1170 1194 Iris
1218 1155 1415 1196 oculorum

110 1221 212 1271 nigra
231 1226 258 1268 ‚'
275 1217 402 1256 bulbus
432 1216 562 1255 liuidus
581 1247 592 1266 ,
625 1217 752 1256 canthi
785 1215 980 1256 oculorum
1014 1229 1089 1256 non
1109 1228 1322 1271 apparent,
1349 1219 1415 1259 nisi

109 1279 240 1321 discissa
271 1288 357 1319 cute
388 1279 483 1318 circa
515 1278 683 1319 foramen
717 1280 845 1329 oculi,
879 1280 924 1318 ad
969 1282 1154 1320 maiorem
1198 1282 1296 1321 oculi
1329 1293 1420 1322 can-

111 1342 217 1383 thum
252 1342 385 1382 eadem
421 1341 568 1394 prorsus
599 1343 741 1382 ratione
761 1374 771 1392 ‚
805 1355 848 1382 ac
881 1343 919 1382 in
936 1342 1028 1382 lutra
1047 1344 1189 1383 marina
1208 1344 1312 1384 crista
1337 1356 1418 1384 car·

110 1406 283 1458 tilaginea
311 1406 470 1459 erigitur
488 1436 499 1455 ,
531 1418 623 1456 quae
655 1407 826 1457 exigente
859 1406 1061 1446 necestitate
1096 1416 1222 1446 totum
1261 1407 1426 1448 oculum.

111 1469 286 1520 cooperit
318 1478 355 1508 et
381 1469 580 1508 nictitantis
597 1469 837 1509 membranae
856 1480 1011 1508 munere
1029 1469 1194 1521 fungitur
1205 1470 1417 1523 abstergen-

113 1530 169 1570 dis
200 1540 236 1570 et
269 1530 498 1572 eliminandis
529 1530 624 1571 forte
658 1533 750 1571 inter
773 1532 995 1584 pascendum
1016 1532 1150 1585 illapfis
1168 1533 1413 1585 iniuriisper-

112 1594 257 1634 idonea.
324 1591 439 1634 Crista
487 1594 579 1634 haec
628 1596 861 1647 cartilaginea
909 1594 1028 1634 auerfii
1075 1605 1182 1647 parte
1228 1593 1318 1634 sacci
1361 1594 1414 1635 la-

112 1655 286 1706 crymalis
316 1668 434 1697 vnum
467 1656 650 1710 parietem
684 1658 898 1708 constituit,
946 1669 1033 1697 cum
1086 1670 1164 1711 quo
1213 1657 1413 1699 communi

112 1717 248 1758 nemea
298 1720 516 1759 membrana
564 1722 796 1773 coniungitur
814 1753 825 1772 ,
873 1719 977 1760 sacco
1025 1720 1216 1772 lacrymali
1273 1720 1414 1761 discisso

112 1781 248 1821 multus
279 1792 408 1819 mucus
440 1792 552 1820 tenax
584 1783 622 1821 in
655 1787 732 1822 eius
761 1785 914 1823 cauitate
944 1793 1107 1836 repertus
1126 1816 1136 1834 ,
1176 1782 1297 1823 saccus
1336 1784 1413 1835 ipse

112 1843 216 1884 facile
248 1842 456 1885 castaneum
488 1845 616 1897 capit,
656 1845 751 1885 intus
795 1846 1000 1899 glandulosa
1032 1845 1254 1885 membrana
1293 1846 1414 1886 obdu·

112 1916 220 1947 citur.
1283 1952 1292 1957 ,

229 1968 346 2009 Aures
376 1969 535 2009 exterius
565 1971 704 2023 exigno
737 1969 854 2011 ffiltim
875 1970 1059 2011 foramine
1079 2001 1089 2019 ,
1121 1980 1166 2010 vt
1197 1970 1236 2010 in
1268 1969 1416 2023 Phoca,

48 2029 54 2035 '
110 2040 273 2084 patent,
306 2033 548 2072 ne.minimo
576 2035 670 2073 auris
701 2037 845 2081 externi
885 2033 1073 2086 vestigio,
1119 2033 1301 2074 foramina
1349 2046 1414 2075 au-

110 2104 195 2135 tem
225 2107 295 2136 nec
328 2094 395 2137 niss
425 2094 651 2137 solertiffime
680 2097 833 2139 rimanti
872 2098 911 2139 in
943 2095 1190 2151 conspeetum,
1234 2097 1383 2137 veniunt
1401 2127 1413 2148 ,

1316 2158 1416 2199 fora-
