1971 2700
540 170 633 211 *¹6⁸
697 164 996 213 -ΕΧΡΕΚΙΜ,
1032 163 1110 207 DE
1143 157 1599 208 COMPRESSIONE
1630 162 1802 209 AERIS

546 290 591 323 to
620 279 696 323 111.
730 279 930 323 redactum
967 279 1045 322 fluit.
1126 277 1366 322 Secundum]
1415 277 1522 319 enim
1555 276 1653 319 hanc
1695 279 1865 334 regnlam

539 345 664 400 *spatia
696 346 792 387 aeris
822 345 904 386 sunt
939 345 978 384 in
1011 346 1156 385 mtione
1191 343 1331 385 inuersa
1363 343 1574 398 ponderum
1626 341 1689 382 vel
1725 344 1864 384 virium

547 410 895 464 comprimentium
917 441 927 459 ,
963 408 1096 461 pressio
1123 420 1219 462 ergo
1252 407 1348 448 haec
1379 408 1522 448 centies
1540 405 1696 462 vigesies
1711 406 1848 462 pneffio

545 485 636 513 nem
670 473 958 526 atmosphaerae
991 472 1162 526 superare
1193 471 1337 513 debuit.

989 594 1288 678 Experim.
1328 593 1433 656 IV.

661 726 696 776 §·
718 739 758 778 9.
793 726 849 768 Vt
880 726 971 781 quid
990 759 1001 779 ‚
1033 738 1128 781 aqua
1159 728 1198 768 in
1231 728 1375 770 bomba
1412 726 1692 781 congelascente
1726 724 1867 780 fieret,

543 792 674 832 denuo
704 792 999 846 experiremur,
1034 802 1120 832 toto
1153 803 1335 847 apparatu
1369 792 1537 834 bombae
1577 791 1747 833 immisso
1795 791 1867 832 ob·

544 855 714 896 tumculo
747 867 834 897 eam
870 855 967 894 bene
998 853 1191 896 clausimus
1222 867 1261 897 et
1291 856 1378 897 fune
1408 855 1597 897 canabino
1630 868 1735 897 nouo
1774 854 1870 896 vndi

540 930 693 974 quaque
726 920 946 969 cinximus,
998 927 1041 958 vt
1074 918 1217 960 bomba
1248 930 1359 974 rupta
1393 921 1432 961 vi
1465 919 1561 960 funis
1611 920 1870 961 contineretur

544 991 588 1024 et
621 992 724 1023 totus
754 983 919 1023 internus
951 991 1151 1035 apparatus
1182 982 1342 1024 illibatus
1375 993 1648 1037 pennaneret3
1683 994 1722 1025 at
1753 983 1883 1024 bom0'

547 1047 594 1088 bu
627 1059 696 1101 per
727 1061 770 1098 4.
804 1046 917 1087 lior-as
949 1045 988 1084 in
1021 1046 1212 1100 temperie
1244 1046 1340 1088 ae'ris
1376 1056 1442 1094 13.
1467 1054 1524 1100 gr.
1559 1047 1723 1088 Therm.
1753 1045 1867 1088 Fahr.

546 1112 668 1152 libero
704 1112 784 1152 a'e'ri
817 1109 988 1164 exposita
1018 1109 1081 1150 sub
1113 1111 1219 1163 prelo
1270 1120 1379 1164 rupta
1413 1109 1468 1151 est
1500 1122 1587 1151 curn
1623 1109 1711 1151 fime
1732 1141 1744 1163 ,
1793 1121 1870 1164 quo

545 1173 671 1215 cincla
702 1184 793 1214 emt.
859 1173 905 1214 In
942 1173 1011 1212 tria
1045 1172 1153 1213 frusta
1196 1174 1403 1227 inaequalia
1443 1173 1513 1214 sec.
1556 1175 1670 1227 plana
1714 1175 1871 1215 vertica-

547 1238 597 1280 lia
631 1239 767 1279 iterum
800 1235 1041 1278 diuidebatur
1060 1269 1070 1288 ,
1104 1246 1146 1276 et
1176 1247 1301 1291 partes
1331 1248 1381 1277 ex
1411 1235 1479 1276 alt.
1519 1238 1733 1290 2¹,pedum
1753 1249 1871 1290 Vsque

545 1303 594 1343 ad
627 1303 743 1342 trium
778 1302 916 1355 pedum
959 1299 1174 1340 distantiam
1218 1299 1411 1354 proiectae
1458 1298 1541 1340 sunt
1588 1298 1662 1341 sec.
1710 1299 1871 1340 diuersas

549 1365 694 1419 plagas,
729 1364 890 1406 disiectis
922 1363 1028 1405 simul
1062 1362 1184 1405 maffis
1202 1364 1352 1418 ligneis,
1385 1374 1480 1417 quae
1514 1375 1564 1403 ex
1593 1372 1749 1417 vti-aque
1780 1374 1870 1416 par-

547 1439 585 1469 te
618 1428 783 1469 bombae
812 1428 1021 1482 adplicatae
1055 1438 1190 1480 erant,
1223 1439 1297 1479 vt,
1331 1428 1357 1468 si
1391 1426 1535 1467 bomba
1570 1426 1767 1478 dissiliret,
1802 1427 1868 1467 de-

544 1493 696 1534 volutio
730 1493 987 1546 impediretur.
1057 1491 1182 1532 Totus
1214 1501 1411 1546 apparatus
1427 1492 1561 1532 iterum
1595 1500 1741 1544 praeter
1758 1489 1866 1544 spem

545 1556 681 1597 fractus
711 1556 765 1596 est
795 1566 835 1596 et
867 1556 1038 1610 suprema
1071 1557 1149 1596 tubi
1183 1558 1400 1596 extremitas
1431 1566 1480 1595 ne
1511 1555 1668 1609 quidem
1697 1555 1868 1596 inuenta.

545 1619 726 1661 fluidum
763 1619 810 1660 sic
846 1619 1046 1673 disperiiim
1079 1619 1328 1669 cernebatur,
1362 1629 1406 1660 vt
1438 1617 1513 1659 basi
1552 1618 1729 1659 cochleae
1782 1630 1868 1658 ma-

544 1685 593 1725 ris
622 1694 700 1724 non
734 1682 852 1724 solum
885 1685 1051 1737 guttulae
1083 1695 1220 1737 aqueae
1239 1715 1249 1734 ,
1281 1695 1372 1737 quae
1405 1683 1443 1722 iu
1477 1682 1642 1736 glaciem
1673 1682 1869 1733 abierant,

544 1748 605 1790 sed
638 1749 751 1788 etiam
783 1760 898 1801 quam
934 1749 1120 1801 plurimae
1153 1746 1318 1800 guttulae
1361 1747 1545 1788 minimae
1594 1747 1770 1787 mercurii
1801 1746 1868 1786 ad-

545 1812 736 1853 haerentes
766 1822 999 1866 apparerent.
1067 1808 1195 1851 Cmsta
1228 1810 1394 1864 glacialis
1413 1843 1424 1863 ‚
1455 1822 1525 1864 qua
1559 1811 1714 1852 obducti
1738 1821 1867 1850 cerne-

545 1877 676 1917 bantur
708 1876 871 1930 parietes
903 1876 1071 1916 bombae
1119 1874 1386 1916 obseruabatur
1433 1874 1602 1917 craffitiei
1637 1881 1669 1920 ς,
1701 1873 1778 1926 dig.
1814 1871 1863 1912 L.

544 1942 701 1981 circiter.
772 1938 881 1980 [dem
934 1940 1156 1994 paradoxon
1209 1938 1445 1979 obsti-uatum
1479 1937 1517 1976 in
1551 1936 1729 1989 ponione
1776 1948 1867 1989 qua-

545 2003 631 2042 dam
664 2003 780 2044 tubuli
813 2017 835 2044 c
867 2004 895 2044 d
925 2005 1073 2044 inuenta
1096 2034 1106 2053 ,
1140 2014 1182 2041 ac
1215 2001 1404 2053 experim.
1442 1999 1474 2040 1.
1513 2002 1549 2042 in
1582 2012 1652 2055 qua
1683 2002 1748 2041 a'c'r
1782 2001 1864 2040 tin-

547 2065 648 2107 Rura
679 2077 718 2105 et
751 2079 842 2121 aqna
875 2065 1067 2107 distinctus
1097 2063 1317 2119 apparebat.

1732 2195 1767 2247 ς.
1792 2207 1861 2239 ιο.
