1971 2700
515 147 610 196 464
800 143 1142 192 METHoDVS
1175 143 1536 192 OBSERVANm

518 259 578 311 4'0
621 261 877 303 determinata
912 261 1007 304 sunt.
1050 259 1110 302 2⁶¹⁰
1154 262 1356 305 Inclinatio
1395 264 1546 304 semitae
1588 263 1686 304 vifiie
1725 264 1845 308 centri

519 322 650 380 Lunae
672 336 848 381 tempore
865 329 965 367 inter
982 327 1070 367 duas
1087 340 1323 382 quascunque
1357 327 1638 368 obseruationes
1670 326 1845 382 phasrum

519 388 777 431 intercedente
811 403 831 430 a
866 390 972 431 Luna
1007 391 1184 431 ementire
1208 393 1253 432 ad
1273 391 1446 432 lemitam
1465 393 1585 432 centri
1605 393 1763 433 rmbrae
1789 393 1848 433 vi·

519 452 598 494 firm
631 453 770 494 eodem
805 465 981 509 tempore
1014 456 1061 495 ab
1098 455 1234 496 vmbm
1268 455 1496 509 percursam.
1565 455 1721 498 Dantur
1737 456 1845 498 cuim

525 523 593 556 1¹⁶0
626 518 666 557 in
699 518 880 572 requisitis
914 517 1005 572 §phi
1045 519 1153 560 huius
1193 520 1239 560 ad
1282 521 1487 574 quamlibet
1538 520 1844 561 obseruationem

517 579 680 634 phaseos
709 582 911 624 declinatio
946 582 1079 624 Lunae
1112 594 1152 624 ct
1183 584 1397 625 differentia
1430 584 1683 626 astensionum
1727 584 1848 625 recta-

518 656 607 685 rum
642 648 773 686 Lunae
807 659 849 688 et
883 647 1010 688 stellae
1045 648 1213 702 partibus
1243 650 1370 690 circuli
1405 651 1574 690 maximi
1616 647 1812 702 expressae
1833 680 1844 700 ,

519 721 608 749 cum
645 711 761 763 iisque
795 711 906 752 simul
941 723 1067 753 motus
1098 712 1232 753 Lunae
1263 714 1300 753 iu
1334 713 1516 767 parallelo
1551 714 1676 754 stellae
1711 713 1845 753 itidem

521 774 687 826 partibus
722 775 848 816 circuli
881 778 1046 819 maximi
1079 778 1300 830 expreffus,
1335 788 1373 818 et
1407 778 1597 830 variatio,
1633 777 1700 817 seu'
1727 779 1848 816 incre-

520 849 699 878 mentum
737 840 799 880 vel
831 841 1122 882 decrementum
1158 841 1419 882 declinationis
1449 840 1578 881 Lunae
1608 842 1769 895 tempori
1792 840 1845 880 in-

522 910 578 941 ter
609 903 889 949 obstinationes
926 905 1098 959 pli-aslum
1140 905 1342 959 assumptas
1390 906 1638 946 intencdcnti
1690 904 1847 958 respon-

522 964 674 1019 dente53
710 968 809 1007 vnde
843 980 971 1009 motus
1005 971 1123 1010 etiam
1158 968 1291 1009 Lunae
1337 982 1375 1009 m
1410 971 1593 1023 parallelo
1643 970 1724 1009 eius
1777 979 1847 1022 pet

520 1028 773 1071 differentiam
807 1032 1108 1074 declinationum
1142 1035 1338 1074 minorem
1374 1034 1612 1085 tranieunte,
1655 1045 1694 1074 et
1726 1034 1764 1072 in
1796 1031 1851 1071 se-

525 1094 617 1132 mita
653 1095 822 1135 eiusdem
875 1109 1086 1150 apparente
1127 1098 1267 1138 codem
1304 1107 1481 1151 tempore
1514 1097 1602 1138 fasti
1643 1096 1851 1150 liademque

528 1158 694 1208 partibus
726 1160 918 1212 cxprcffi,
953 1174 1042 1200 cum
1080 1161 1326 1201 inclinatione
1360 1161 1511 1201 semitae
1543 1161 1590 1201 ad
1624 1159 1849 1213 parallelum

525 1217 654 1260 Lunae
687 1221 917 1276 descriptum
949 1223 1160 1264 dabuntur:
1198 1224 1222 1264 si
1256 1237 1329 1277 pro
1364 1226 1493 1278 primo
1528 1236 1582 1264 ex
1600 1222 1852 1265 declinatione

524 1282 649 1323 stellae
682 1292 721 1324 et
757 1285 1012 1327 declinatione
1044 1287 1174 1327 Lunae
1208 1288 1450 1328 declinationi
1486 1287 1611 1328 stellae
1633 1321 1644 1340 ‚
1698 1299 1853 1342 tempo·

525 1347 626 1387 ribus
657 1347 962 1392 obseruationum
992 1350 1267 1403 affiimptarum
1329 1353 1539 1404 proxima,
1587 1352 1679 1390 radii
1730 1351 1853 1405 paml-

527 1411 688 1452 lelorum
724 1412 851 1453 stellae
885 1424 924 1454 et
957 1412 1083 1455 Lunae
1118 1414 1591 1468 inueniuntur,illatioque
1611 1413 1823 1455 instituatur
1843 1448 1855 1468 ‚

529 1487 574 1517 η
604 1477 726 1516 radius
759 1477 923 1531 paralleli
958 1479 1081 1519 stellae
1117 1478 1150 1519 ie
1186 1477 1299 1518 habet
1331 1479 1378 1519 ad
1412 1479 1558 1519 radium
1588 1478 1752 1532 paralleli
1773 1478 1855 1520 Lu-

526 1550 596 1582 nae
631 1540 755 1581 modo
787 1542 992 1597 deleripti3
1029 1544 1080 1584 ita
1114 1552 1242 1584 motus
1278 1542 1410 1585 Lunae
1443 1543 1481 1582 in
1514 1543 1695 1596 parallelo
1729 1542 1855 1585 stellae

525 1616 597 1660 per
633 1615 783 1660 tempus
815 1607 915 1648 inter
945 1608 1221 1649 obseruationes
1254 1607 1427 1661 phasium
1448 1607 1683 1646 intercedens
1706 1606 1824 1648 ladius
1842 1641 1854 1662 ,

525 1670 574 1711 ad
616 1680 770 1711 motum
823 1671 953 1712 Lunae
987 1674 1025 1712 in
1061 1671 1243 1726 parallelo
1293 1672 1459 1712 eiusdem
1511 1670 1663 1711 laudato
1709 1672 1853 1713 eodem

530 1744 712 1790 tempore
744 1733 883 1776 facium
918 1736 1139 1789 quaesitum.
1177 1735 1252 1787 Pro
1292 1735 1451 1776 secundo
1501 1745 1630 1776 autem
1683 1735 1852 1790 triangu-

530 1798 609 1840 lum
643 1797 762 1840 STE
804 1800 1064 1854 restangulum
1097 1800 1143 1841 ad
1177 1799 1244 1851 T,
1280 1799 1456 1840 lateribus
1487 1797 1696 1850 eiusST,
1740 1810 1851 1842 motu

529 1855 672 1917 nempe
705 1862 840 1904 Lunae
874 1865 910 1904 in
946 1864 1127 1917 parallelo
1158 1863 1329 1905 eiusdem
1380 1864 1504 1905 stellae
1550 1863 1739 1917 proximo
1781 1877 1853 1906 nu-

529 1940 598 1980 per
629 1928 786 1968 inuento
804 1961 814 1979 ,
848 1937 888 1968 et
920 1929 955 1969 E
973 1929 1011 1968 T
1030 1962 1041 1980 ,
1074 1929 1286 1969 variatione
1315 1927 1578 1970 declinationis
1601 1925 1730 1967 Lunae
1750 1937 1851 1969 tem-

529 2003 627 2043 pore
662 1993 759 2031 intcr
791 1991 1070 2032 obseruationes
1111 1992 1283 2045 phasmm
1334 1991 1542 2046 affiunptas
1591 1991 1849 2034 intercedente

528 2052 623 2093 fiusta
643 2085 653 2104 ,
686 2067 739 2094 ex
773 2056 952 2108 requisitis
985 2056 1074 2109 §phi
1109 2056 1217 2097 liuius
1246 2056 1342 2097 datis
1381 2056 1601 2097 deducenda
1623 2087 1635 2106 ,
1690 2055 1851 2098 rclolua-

529 2126 617 2171 tur,
650 2116 818 2173 latusque
852 2120 932 2161 cius
963 2121 1123 2161 tertium
1149 2120 1180 2163 S
1203 2119 1242 2163 E
1264 2154 1275 2175 ,
1308 2130 1347 2164 et
1380 2120 1579 2164 inclinatio
1611 2119 1780 2162 ciusdem
1799 2121 1849 2163 ad

1705 2184 1847 2226 lineam
