1971 2700
511 249 603 291 250
640 192 643 195 ,
703 237 788 282 m:
817 230 1234 281 νΕοΕτΑΓιοΝΕ
1266 228 1645 280 PLANTARVM
1699 252 1701 254 ·
1767 286 1779 297 ,

500 353 588 395 alias
621 354 658 395 in
692 352 925 395 difficillimis
959 349 1231 406 quaestionibus
1282 347 1426 389 vtiliter
1460 348 1496 389 in
1530 347 1727 394 subsidium
1758 367 1830 398 vo-

499 430 635 470 catur,
669 417 732 458 hic
765 416 1016 458 auxiliatrices
1048 425 1198 467 quoque
1230 413 1404 467 praebere
1439 425 1570 453 manns
1602 413 1731 468 posse,
1764 420 1832 462 nis,

500 482 617 536 plane
649 482 809 521 obstaret
842 479 931 519 hnic
963 477 1066 529 asylo
1092 477 1398 531 experimentum
1435 478 1555 518 modo
1588 478 1733 520 dietum
1760 481 1834 538 X,

506 545 544 584 in
579 557 654 598 quo
682 555 783 585 certe
804 576 815 595 ,
849 542 879 583 sr
909 542 1015 582 tellus
1047 541 1212 582 radicem
1247 541 1471 582 attrahendo
1504 542 1675 584 deorsum
1709 543 1837 586 allice·

502 619 593 662 ret3
626 608 762 650 eadem
795 608 877 648 iam
906 605 1002 647 hanc
1045 604 1181 646 sursum
1218 604 1364 647 trahere
1408 605 1584 647 debuisset
1604 639 1615 659 ,
1668 607 1719 648 ob
1752 620 1838 650 ma»

500 672 626 713 iorem
661 673 746 714 illuc
792 671 1011 725 dispositam
1062 671 1253 724 copiam3
1286 679 1325 710 et
1358 682 1515 725 germen
1567 670 1741 713 deorsum
1774 684 1835 714 re·

500 738 678 792 pellere3
713 737 814 778 cuius
843 745 976 777 tamen
1008 734 1241 775 contrarium
1274 735 1382 788 plane
1417 735 1564 776 accidit.
1633 732 1734 777 Cum
1761 738 1836 778 ita-

499 813 571 856 que
604 802 698 842 nihil
731 801 853 842 adhuc
883 800 975 841 certi
1006 799 1157 853 allegari
1189 803 1331 853 queatg
1366 800 1467 855 qnod
1507 799 1827 853 phaenomenum

496 865 573 907 hoc
599 864 943 906 'conlhintillimum
981 863 1134 904 illustret
1156 879 1164 904 ·.
1196 863 1354 904 dubium
1389 863 1461 905 effe
1482 865 1604 918 potest
1623 895 1634 915 ‚
1677 877 1725 906 an
1750 877 1836 906 non

495 929 588 970 aliae
621 940 771 984 praeter
804 929 972 981 cognitas
1005 927 1194 980 hucusque
1228 928 1418 980 grauitatis
1438 961 1453 980 ‚
1484 928 1705 970 clasticitatis
1726 961 1737 982 ,
1774 937 1833 972 at-

495 994 690 1034 metionis
710 1026 720 1046 ,
757 994 795 1034 in
829 1002 957 1032 natura
990 1002 1117 1032 rerum
1151 991 1286 1031 dentur
1317 992 1415 1033 vires
1435 1025 1447 1044 ,
1481 1002 1520 1034 et
1555 993 1646 1034 tales
1674 994 1830 1048 quidem

492 1058 611 1099 ctiam
633 1091 643 1110 ,
679 1071 772 1112 quas
800 1054 984 1098 animales
1027 1065 1163 1095 vocare
1213 1051 1335 1095 licet?
1383 1056 1476 1096 diu-n
1528 1056 1794 1110 phaenomena
1817 1089 1829 1111 ,

494 1128 586 1175 qme
620 1123 667 1162 ab
702 1122 772 1163 illis
821 1121 1068 1174 dependent,
1117 1118 1310 1173 explicare
1351 1119 1522 1160 valemus
1570 1121 1835 1176 mechanicc3.

494 1197 590 1238 quae
624 1197 715 1225 vero
749 1186 794 1224 ab
829 1184 885 1225 his
906 1218 915 1234 ‚
950 1183 1136 1223 nondum.
1202 1182 1269 1222 Est
1301 1184 1408 1222 enim
1443 1183 1516 1223 fine
1558 1185 1677 1226 dubio
1719 1187 1831 1239 plena

494 1249 631 1290 virium
665 1258 703 1289 et
736 1247 957 1288 simultatum
992 1255 1115 1286 natum
1135 1278 1145 1296 ,
1178 1258 1332 1298 quarum
1368 1245 1603 1298 paucissimas
1653 1250 1830 1290 nouimus

495 1312 616 1354 adhuc
637 1345 649 1364 ,
684 1325 753 1352 noc
789 1310 1014 1352 sufficientes
1042 1308 1274 1363 explicandis
1310 1319 1367 1348 tot
1401 1321 1528 1349 rerum
1559 1309 1798 1352 varictatibus
1817 1345 1828 1365 ,

494 1387 587 1430 quot
622 1375 874 1430 conspicimus
905 1374 1086 1428 quotidie.
1153 1373 1225 1414 His
1258 1373 1369 1425 igitur
1403 1373 1487 1412 vim
1523 1373 1729 1414 animalem
1763 1376 1828 1416 ad-

490 1452 721 1491 numerare,
757 1439 930 1480 nondum
974 1447 1172 1490 tamquam
1205 1435 1373 1476 caussam
1422 1447 1554 1476 veram
1606 1436 1795 1489 quandam
1817 1472 1831 1491 ,

489 1503 548 1546 sed
583 1516 781 1558 nimquam
816 1515 957 1543 nouam
990 1501 1154 1555 aliquam
1185 1497 1395 1540 cauffarum
1430 1499 1709 1552 incognitarum
1737 1500 1822 1542 clas-

487 1568 564 1608 sem
585 1601 596 1619 ‚
633 1582 726 1622 quac
760 1568 917 1622 superari
951 1566 1105 1607 tandem
1142 1563 1254 1617 possit
1286 1564 1384 1604 olim
1408 1595 1420 1615 ,
1454 1573 1492 1603 et
1527 1563 1640 1616 redigi
1671 1564 1720 1605 ad
1738 1577 1824 1606 me-

487 1632 727 1673 chanicarum
763 1633 1066 1685 explic-itionum
1108 1627 1295 1669 ditionem
1318 1661 1329 1680 ,
1381 1627 1461 1681 quis
1494 1627 1544 1666 cst
1579 1628 1644 1681 qui
1694 1639 1822 1672 vetare

487 1694 637 1751 potiit?
672 1696 888 1750 praesertim
925 1697 963 1735 in
1002 1693 1213 1747 plantarum
1265 1691 1452 1746 republica
1505 1701 1542 1731 et
1562 1695 1820 1747 oeconomia,

483 1774 573 1815 quas
607 1758 856 1815 campanella
876 1793 887 1812 ,
918 1760 962 1800 de
980 1755 1088 1813 ι[ξἠιι
1119 1769 1276 1807 rerum,
1310 1757 1333 1795 l.
1376 1766 1396 1802 3
1424 1788 1434 1806 ,
1465 1756 1630 1809 appellat
1671 1759 1821 1799 anima·
1877 1768 1882 1776 ’

480 1825 530 1866 lia
563 1826 779 1866 immobilia
799 1858 810 1878 ‚
854 1825 929 1864 vid.
979 1820 1144 1877 Journal
1165 1821 1230 1862 des
1266 1820 1424 1861 Savans
1445 1850 1455 1869 ‚
1494 1831 1611 1870 ¹737
1637 1853 1646 1871 ,
1686 1821 1814 1862 mense

481 1889 550 1930 Iul.
588 1902 626 1943 p.
665 1903 791 1942 4143
828 1889 977 1942 qualern
1022 1886 1186 1927 similem
1240 1885 1322 1925 vim
1373 1884 1579 1925 animalem
1632 1884 1816 1938 chlerus

483 1955 678 2005 quondam
712 1952 835 1994 telluri
871 1953 1030 2003 tribuit,
1072 1951 1117 1991 ad
1154 1949 1406 2002 perficiendos
1455 1946 1575 1987 cursus
1625 1945 1733 2001 suos,
1766 1950 1815 1991 ad

480 2016 682 2056 subeundas
717 2019 942 2058 mutationes
975 2016 1058 2055 lius.
1125 2013 1222 2068 Quis
1257 2013 1359 2051 enim
1397 2011 1472 2050 iam
1506 2022 1601 2051 nunc
1639 2013 1812 2065 explica-

481 2079 566 2131 bit,
610 2090 669 2118 aut
703 2077 973 2120 demonstrabit
1026 2075 1278 2124 meclmnice,
1331 2073 1476 2126 pullum
1499 2107 1508 2122 ,
1560 2076 1814 2119 recentiffime

480 2155 556 2183 ono
588 2141 650 2182 suo
685 2142 874 2181 exclusum
900 2174 911 2193 ,
949 2141 1070 2180 statim
1092 2173 1102 2189 ,
1134 2139 1287 2192 propria
1323 2137 1378 2177 lii-,1
1401 2137 1574 2178 Minerua
1601 2140 1772 2182 adiutum
1793 2174 1806 2194 ‚

480 2205 635 2247 insistere
688 2205 844 2260 pedibus
876 2215 916 2245 et
950 2203 1125 2259 ingredi,
1179 2213 1247 2242 uec
1283 2211 1426 2243 tentare
1479 2214 1644 2257 vnquam
1695 2204 1807 2245 dorso

1651 2268 1810 2323 prouol-
