1971 2700
480 143 579 187 166
645 134 933 189 EXPERIM.
969 137 1050 183 DE
1082 133 1534 184 COMPRESSIONE
1566 141 1743 189 AERIS

484 255 721 298 remouimus
739 288 751 308 ,
792 264 833 296 et
864 264 1044 309 apparatu
1085 265 1136 295 ex
1168 254 1311 296 bomba
1344 254 1519 295 extracto
1558 257 1718 299 tinctum
1757 258 1805 299 ad

486 311 671 374 insignem
705 319 949 360 altitudinem
983 319 1190 359 asscendisse
1208 351 1220 370 ,
1252 320 1319 359 aer
1353 331 1444 358 vcro
1476 319 1614 360 iterum
1665 322 1807 362 illibato

487 385 653 430 tubo,.et
686 393 773 424 toto
824 392 1005 436 apparatu
1042 394 1108 435 per
1140 392 1266 423 totum
1317 384 1448 423 tubum
1482 383 1549 424 cd
1579 393 1618 423 et
1651 384 1805 426 bulbum

487 446 667 500 expansus
698 446 929 487 cernebatur.
1000 444 1212 486 Pondemto
1243 448 1433 488 mercurio
1452 481 1462 498 ,
1496 449 1563 499 qui.
1592 448 1696 488 idem
1736 438 1807 489 vd-

487 511 623 552 lumen
675 509 866 560 habebat,
905 509 1004 562 quod
1055 511 1120 550 ae'r
1152 521 1237 551 ante
1286 510 1607 565 compreffionem
1643 512 1681 551 in
1703 512 1813 553 -tubo

484 574 588 615 cde
619 581 657 613 et
689 585 768 624 eo,
804 574 868 626 qui
901 573 1007 614 idern
1043 572 1205 614 habebat
1225 606 1237 625 ,
1287 576 1389 628 quod
1421 578 1485 615 a'c‘r
1517 576 1556 614 in
1590 574 1670 628 ipso
1701 587 1811 616 com-

489 636 685 691 preffionis
717 636 811 678 statu
843 637 880 677 in
913 647 1056 677 vertice
1091 637 1200 688 tubi,
1237 638 1362 679 inueni
1395 640 1480 680 illud
1516 642 1560 679 ad
1597 639 1671 679 hoc
1691 637 1815 679 finme

485 710 534 742 'vt
573 711 630 748 30
665 700 711 741 ad
751 712 788 738 1.
857 699 954 740 Hinc
990 689 1172 742 volumen
1205 702 1302 742 ae'ris
1340 703 1539 756 compicssi
1572 703 1639 744 fuit
1674 706 1709 753 ᾗ,
1727 714 1816 763 pars

489 764 694 807 voluminis
726 763 891 805 eiusdem
927 765 1020 805 a'cris
1052 775 1138 805 aute
1171 766 1506 820 compressiouem.

930 889 1226 970 Experim.
1273 891 1359 950 111.

611 1007 647 1058 ξ.
671 1011 714 1049 6.
752 1006 957 1051 Constabat
991 1007 1134 1050 Clariss‘.
1177 1010 1371 1052 Halesium
1416 1011 1513 1052 nuda
1564 1011 1744 1066 preffioue
1776 1009 1819 1054 vi

495 1073 588 1128 preli
622 1073 719 1116 ιῖιᾶιι
741 1107 752 1126 ,
789 1076 916 1114 a'c'rem
958 1073 998 1113 in
1035 1085 1180 1127 purtem
1215 1078 1278 1126 3¹5,
1321 1075 1525 1116 voluminis
1573 1076 1750 1130 redegisse
1781 1085 1825 1119 et

496 1136 701 1190 Hancyum
737 1140 774 1178 in
808 1143 840 1185 ἐξ,
858 1136 1068 1178 coarctasse.
1103 1135 1223 1177 Subiit
1257 1138 1431 1179 animum
1463 1140 1673 1193 inquirere,
1693 1151 1821 1182 Vtrum

496 1213 569 1256 per
602 1200 1027 1246 nostrammachinam
1080 1201 1205 1240 maior
1254 1199 1484 1254 compressio
1531 1202 1631 1242 effici
1685 1204 1823 1255 posset.

498 1264 724 1307 lterauimus
756 1266 866 1319 igitur
897 1264 1206 1317 experimentum
1230 1295 1241 1316 ,
1275 1275 1313 1304 et
1344 1277 1391 1304 ne
1423 1263 1604 1318 pressioue
1637 1277 1727 1317 aqua
1756 1279 1823 1320 pet

500 1341 619 1383 poros
651 1329 761 1383 lignei
797 1328 1055 1368 obturamcnti
1090 1327 1315 1368 transudaret
1348 1338 1385 1367 et
1420 1330 1468 1367 ita
1500 1329 1730 1382 comprcssio
1760 1332 1820 1370 a'e'-

498 1393 548 1433 ris
579 1393 708 1433 minor
744 1390 880 1441 fieret,
914 1403 1026 1444 quam
1061 1389 1155 1430 foret
1187 1391 1210 1430 si
1246 1391 1319 1432 hoc
1356 1392 1630 1445 impediretur
1673 1394 1827 1434 obtura-

500 1466 675 1498 mentum
712 1457 749 1496 in
782 1455 964 1495 bombum
1000 1467 1095 1509 aqua
1129 1455 1328 1508 impletam
1363 1454 1648 1510 pcrcussmnibus
1699 1458 1825 1498 mallei

502 1521 712 1571 coastum,
746 1529 787 1559 ιε
820 1531 912 1572 aqua
945 1517 1178 1572 spumescens
1211 1532 1276 1573 per
1310 1532 1425 1573 poros
1467 1521 1554 1573 ligni
1607 1530 1827 1573 pent-niret,

502 1593 540 1624 et
576 1583 623 1623 fic
659 1593 780 1624 totam
821 1583 1130 1623 obmramcmum
1172 1584 1499 1638 impregnurctur,
1544 1589 1658 1623 surius
1698 1596 1826 1624 remo-

503 1647 624 1688 uimus
655 1648 804 1701 a'e’riquc
848 1645 984 1699 frigido
1035 1647 1280 1699 exposuimus
1330 1657 1373 1687 vt
1405 1661 1496 1702 aqua
1549 1648 1587 1687 ιιι
1629 1648 1831 1689 interstitiis

505 1710 734 1765 congelaret.
803 1709 957 1752 Deinde
990 1711 1223 1751 muniuimus
1257 1711 1442 1753 bombum
1483 1724 1575 1766 aqua
1627 1712 1830 1766 impletam

509 1784 548 1819 et
581 1784 762 1829 apparatu
793 1774 978 1828 descripto
1016 1774 1238 1833 instruetam
1289 1776 1558 1817 obturamcnto
1590 1784 1628 1816 et
1660 1777 1698 1816 vi
1736 1775 1832 1829 preli

506 1837 595 1880 illud
631 1839 666 1878 in
698 1838 882 1880 bombum
919 1838 1143 1893 intrusimus.
1209 1837 1362 1881 Deinde
1395 1850 1548 1880 remoto
1589 1841 1830 1879 obturamcn-

506 1911 549 1941 to
580 1912 619 1942 et
653 1914 816 1945 exemto
849 1913 1037 1957 apparatu<
1065 1903 1211 1956 illibato
1247 1904 1426 1958 *vidimus
1473 1905 1601 1954 ne'rem
1635 1902 1674 1939 ιιι
1709 1903 1831 1942 minus

507 1964 629 2005 adhue
662 1965 818 2019 spatium
854 1965 1190 2021 redae'tum;‚fuiffe
1223 1979 1265 2006 ac
1295 1977 1426 2018 expet.
1463 1963 1516 2004 11.
1551 1965 1830 2018 comprcssione

509 2040 606 2067 vcro
644 2028 800 2070 ccffiiute
844 2030 945 2071 idem
991 2018 1107 2071 rursus
1130 2075 1132 2081 ¹
1155 2028 1341 2070 volumen
1381 2027 1537 2069 metum
1578 2027 1647 2068 effi:
1668 2061 1678 2079 ‚
1728 2029 1831 2082 quod

510 2100 598 2134 ante
628 2091 951 2148 comprcffionem
981 2091 1160 2136 habuerat
1178 2124 1191 2147 ,
1220 2089 1415 2146 spatiisque
1444 2091 1539 2133 a'e'ris
1573 2100 1659 2133 ante
1691 2102 1727 2133 et
1748 2091 1833 2146 post

1719 2167 1826 2198 Com·
1844 2170 1849 2174 ⁴
