1971 2700
729 217 887 278 (27)

140 342 253 386 limos
285 341 358 383 effe
387 339 507 393 dicit3
539 335 811 379 Differentiam
842 347 972 380 autem
1005 347 1233 390 externam,
1267 351 1361 393 quae
1380 342 1458 393 pri-

142 417 213 449 mo
245 407 380 448 intuitu
410 403 596 443 obseruari
635 403 759 456 potest
778 435 789 455 ,
829 402 1040 443 consistere.
1084 401 1157 458 1.)
1191 402 1238 444 In
1270 405 1462 456 magnitu-

138 472 254 522 dine,
293 480 385 523 quae
425 467 597 507 leonibus
634 466 752 520 duplo
796 467 922 506 maior
956 465 1021 507 est.
1093 464 1170 522 2.)
1208 465 1257 506 In
1292 467 1463 520 pilorum

140 536 280 575 colore.
349 527 427 584 3.)
460 529 508 570 In
540 529 627 570 iuba
645 561 655 581 ,
688 542 759 584 qua
792 530 923 570 leones
954 543 1081 570 mares
1115 531 1154 570 in
1172 529 1278 571 collo
1311 530 1462 570 donan-

138 607 209 639 tur.
273 594 320 636 In
354 592 522 634 moribus
551 594 670 633 etiarn
701 593 801 633 haud
836 593 1027 634 minorem
1054 594 1344 647 distrepantiam
1372 605 1457 633 nar-

138 671 196 702 rat
215 692 225 712 ,
265 669 496 712 quamquam
539 657 666 705 enim,
704 657 786 706 ait,
829 666 1032 710 Vtrumque
1072 657 1218 697 animal
1257 657 1380 697 ferum
1414 665 1457 697 et

138 732 313 778 paratum
345 720 392 761 ad
424 719 658 761 inuadendos
696 718 824 759 hostes
844 750 855 769 ,
898 719 972 758 vrfi
1005 728 1136 761 tamen
1172 728 1279 758 tanto
1314 720 1457 760 maiori

138 786 285 827 audacia
305 817 315 836 ,
356 792 499 838 quanto
540 783 671 836 reliqui
713 782 851 823 maiori
891 782 998 822 mole
1038 781 1224 835 corporis.
1292 781 1458 834 Vtrique

136 848 339 905 polygami
377 849 460 887 lunt
480 876 493 897 ,
535 846 659 900 plures
691 855 821 886 tamen
862 843 1056 885 foemellas
1087 844 1163 885 vrsi
1182 877 1193 897 ,
1228 856 1340 898 quam
1373 842 1456 884 leo-

137 927 201 953 nes
232 913 384 953 ducunt.
449 909 536 950 Vrfi
567 922 740 950 vxorum
772 917 811 949 et
842 908 961 962 prolis
991 908 1234 950 amantiffimi
1254 939 1265 958 ,
1300 907 1361 947 sed
1393 916 1457 959 ty-

134 975 332 1016 nnnidem
376 974 483 1026 super
522 985 665 1013 vxores
706 981 893 1013 exercent
912 1003 924 1021 ,
970 971 1098 1012 leones
1138 982 1280 1012 vxores
1323 971 1455 1011 maxi-

136 1053 207 1080 mo
240 1040 278 1078 in
312 1037 461 1077 honore
496 1036 636 1076 habent
655 1067 665 1087 ,
697 1036 759 1075 sed
799 1035 994 1088 negligunt
1034 1034 1201 1088 prolem.
1270 1033 1380 1075 Plum
1411 1035 1453 1075 in

136 1103 213 1156 ipfir
246 1099 502 1140 dissertatione
537 1098 692 1148 legenda
730 1091 826 1136 sunt.

252 1162 411 1201 Lutram
443 1159 631 1199 marinam
673 1158 773 1199 idem
816 1158 889 1199 effe
923 1157 1094 1210 animal,
1127 1160 1230 1213 quod
1262 1172 1283 1200 a
1318 1159 1449 1202 Marc-

134 1224 266 1278 grauio
298 1223 362 1263 sub
391 1223 549 1262 nomine
579 1221 720 1262 Lutrae
754 1220 979 1263 Brasilienfis
998 1222 1225 1277 descriptum
1246 1257 1257 1276 ,
1289 1224 1361 1265 effe
1396 1221 1450 1265 af-

134 1288 263 1329 firmat
298 1296 455 1342 propter
486 1295 593 1326 notas
625 1286 800 1326 adductas
826 1300 849 1338 ‘a
884 1285 1128 1340 Marcgrauio
1148 1318 1160 1339 ,
1194 1299 1289 1341 quae
1325 1289 1365 1328 in
1385 1287 1452 1328 suo

133 1351 300 1393 subiecto
331 1350 480 1403 praesto
512 1349 595 1390 sunt
614 1382 623 1400 ,
658 1350 965 1403 magnitudinem
997 1350 1074 1390 scil.
1111 1351 1314 1392 mediocris
1333 1353 1448 1405 canis,

133 1425 246 1468 caput
285 1413 554 1463 subrotundum
596 1424 637 1452 et
676 1414 775 1467 quasi
815 1414 970 1454 felinum
992 1446 1004 1466 ,
1046 1414 1172 1455 nasum
1206 1416 1415 1456 acutiorem
1435 1447 1448 1467 ‚

134 1480 267 1519 oculos
302 1479 432 1530 nigros
462 1478 663 1527 rotundOS,
683 1490 789 1517 aures
822 1476 1082 1528 subrotundas,
1116 1478 1293 1528 barbam,
1329 1479 1449 1532 pedes

133 1542 174 1583 in
208 1543 372 1596 quinque
403 1541 547 1594 digitos
576 1539 709 1581 diuisos
748 1551 787 1581 et
820 1541 1002 1593 vnguibus
1031 1539 1136 1581 fuscis
1170 1542 1288 1581 acutis
1320 1553 1445 1581 arma-

133 1615 223 1658 tos,
255 1605 425 1644 interiori
456 1604 619 1644 breuiori
640 1635 651 1654 ,
685 1605 783 1657 pilos
815 1603 952 1644 molles
984 1612 1084 1643 atros
1103 1637 1113 1655 ,
1146 1603 1355 1646 clamorem
1388 1605 1446 1645 iu-

133 1669 247 1708 nioris
281 1667 431 1719 catelli,
462 1666 608 1708 victum
642 1664 888 1709 Gammaros.
957 1666 1133 1707 Tandem
1165 1667 1316 1719 euicstis,
1348 1680 1445 1721 quae

133 1732 248 1771 obiici
282 1730 443 1785 possent.
510 1731 667 1771 Lutram
709 1733 894 1772 murinam
927 1742 1006 1770 non
1040 1729 1116 1770 effe
1145 1727 1345 1771 Castorem
1376 1732 1443 1771 de-

135 1794 330 1833 monstrat.
401 1793 471 1847 1.)
505 1795 621 1849 Quod
651 1793 823 1835 folliculis
853 1794 1007 1834 castorei
1034 1794 1277 1846 receptaculis
1302 1803 1440 1836 careat.

135 1868 158 1894 2
197 1854 210 1910 )
253 1856 368 1910 Quod
409 1856 565 1895 caudam
607 1857 762 1909 pilosam
798 1856 910 1896 instar
942 1857 1080 1897 Lutrae
1112 1857 1289 1896 obtineat.
1359 1855 1440 1912 3.)

132 1919 248 1975 Quod
288 1918 455 1958 dentium
495 1916 618 1958 forma
658 1928 698 1958 et
729 1919 795 1960 situ
829 1931 898 1959 nec
939 1932 1015 1958 non
1049 1919 1312 1959 intestinorum
1344 1931 1439 1960 con-

133 1983 320 2023 stitutione
353 1992 440 2019 cum
475 1981 615 2019 castore
655 1982 691 2020 ei
725 1994 799 2020 non
832 1982 1043 2021 conueniat.
1109 1981 1197 2022 Post
1229 1982 1436 2023 absolutam

131 2056 374 2086 externarum
426 2052 465 2082 et
506 2044 739 2084 internarum
790 2047 951 2096 partium
1001 2043 1293 2097 descriptionem
1334 2047 1437 2087 addit

132 2108 408 2151 obseruationes
438 2107 632 2148 nonnullas
660 2108 705 2148 ad
739 2117 905 2149 naturam
938 2107 1159 2148 animalium
1198 2107 1405 2161 spectantes
1424 2141 1434 2160 ,

133 2186 186 2216 ex
225 2173 336 2226 iisque
375 2170 546 2214 assertum
593 2172 828 2227 quorundam
868 2171 1169 2214 anatomicorum
1189 2204 1200 2226 ‚
1253 2181 1433 2226 tanquam

724 2236 751 2278 d
787 2247 811 2274 2
1307 2247 1432 2276 mem-
