1971 2700
485 204 511 236 2
518 202 577 246 μ
706 188 795 237 DE
822 188 865 236 V
863 188 1015 235 EGET
1010 189 1092 236 AT
1090 184 1243 235 ΙΟΝΕ
1283 185 1656 240 PLANTARVM

481 307 674 350 interdum
706 309 875 364 generari
906 306 1136 350 vermiculos
1164 314 1227 347 aut
1259 304 1410 347 inlecta.
1449 318 1492 357 3.
1558 303 1599 347 Si
1631 307 1680 350 ab
1703 310 1806 356 afflu-

481 384 571 414 ente
600 385 692 427 aqua
727 373 841 413 nimis
873 371 1145 416 emolliantur:
1179 355 1336 424 id‘wpfis
1378 382 1526 411 nocere.
1563 384 1605 422 4.
1670 371 1808 422 Flacci.

481 437 552 478 dos
585 447 716 477 tamen
751 436 835 476 illos
876 435 1026 475 succum
1064 435 1187 476 adhuc
1237 434 1358 488 largiri
1411 434 1628 489 plumulae3
1681 442 1810 491 prmti

481 500 633 541 testatur
666 499 856 540 Marime
888 498 913 538 l.
948 511 985 557 c.
1023 511 1065 552 p.
1105 505 1189 542 128
1209 532 1221 552 ,
1255 509 1293 539 et
1326 499 1431 540 idem
1451 499 1700 541 confirmatur
1732 502 1808 546 Eir-

479 564 625 617 perim.
659 561 710 615 1,
743 562 804 604 die
842 575 913 602 12.
980 562 1079 605 Non
1118 564 1252 606 dubito
1303 575 1493 618 practerea
1540 563 1584 604 de
1612 567 1812 620 germine,

478 627 545 668 vel
582 625 744 683 plumtda
775 627 957 679 aflerere,
1003 640 1043 669 1.
1080 628 1177 670 Illud
1209 628 1258 670 ab
1300 629 1412 670 initio
1462 631 1713 683 vegetationis
1745 643 1813 685 pa-

478 704 564 732 mm
599 692 741 746 augeri.
777 705 816 732 2.
883 690 979 733 Illud
1013 693 1178 746 diutius,
1209 706 1322 748 qnam
1356 695 1493 734 radices
1523 694 1641 733 (olent
1661 727 1671 747 ,
1712 696 1812 739 intra

479 755 590 797 lobos
618 757 725 809 grani
759 768 915 797 manere
949 758 1203 799 reconditum.
1243 759 1284 806 3'.
1358 758 1479 800 Extra
1529 758 1639 798 lobos
1687 758 1813 801 exser-

478 829 566 861 tum
601 820 689 860 illud
727 821 958 862 verticaliter
992 821 1126 863 sursum
1163 823 1233 863 niti
1265 822 1425 877 semper.
1461 838 1501 873 4.
1569 822 1681 864 Nihil
1720 822 1812 871 illud

478 891 602 925 terrae
636 884 702 926 fibi
732 884 994 926 adhaerescens
1034 888 1145 940 pati,
1197 885 1258 927 sed
1289 888 1336 928 ab
1369 887 1475 928 luiins
1526 888 1813 930 commixtione

477 959 638 989 manere
671 947 844 989 liberum.
883 960 923 998 5.
992 947 1174 991 Eiusdem
1207 951 1419 992 admodum
1439 952 1579 992 lentam
1601 963 1639 991 et
1662 951 1819 1007 segnem,

477 1011 548 1051 effe
590 1012 921 1065 temporationem.
989 1013 1176 1055 Radicum
1225 1015 1387 1068 denique
1438 1017 1688 1069 proprietates
1739 1017 1812 1057 hae

474 1074 589 1116 sunt:
624 1073 734 1117 radix
767 1077 869 1130 prins
900 1089 1019 1130 grano
1052 1079 1165 1131 exit,
1197 1085 1312 1132 quam
1345 1091 1517 1132 germen.
1557 1092 1596 1118 2.
1667 1079 1812 1121 Eadem

476 1139 648 1180 celeriter
679 1139 808 1181 crestit
829 1171 839 1190 ,
883 1150 1015 1181 contm
1056 1155 1171 1195 quam
1222 1155 1381 1195 germen
1434 1141 1534 1183 facit.
1573 1153 1614 1191 3.
1681 1144 1815 1186 Radix

473 1202 658 1257 primaria
711 1204 788 1244 cito
823 1203 889 1244 fibi
919 1205 1091 1256 adiungit
1139 1205 1395 1257 letundarias‚
1437 1218 1490 1246 ex
1521 1206 1555 1245 se
1588 1217 1727 1248 enatas.
1765 1223 1812 1260 4.

474 1266 606 1309 Radix
638 1267 866 1308 verticalitet
898 1266 1066 1308 demsum
1100 1267 1246 1322 semper
1279 1267 1441 1321 crestio,
1479 1268 1506 1308 fi
1542 1281 1636 1308 vcro
1686 1273 1813 1324 impe-

476 1330 599 1372 diatur
630 1332 668 1371 in
702 1331 773 1371 hac
806 1331 1013 1372 directione
1045 1331 1131 1373 sua:
1166 1343 1246 1372 tum
1282 1333 1563 1385 impedimenta
1596 1333 1689 1373 hacc
1710 1333 1810 1376 mol-

474 1395 571 1434 liora
604 1395 868 1449 perterebrat3
902 1397 1054 1436 duriora
1089 1405 1217 1436 autem
1253 1395 1552 1449 lhpcrgrcditur‚
1602 1396 1723 1436 donec
1763 1397 1811 1438 li-

476 1458 608 1499 beram
641 1459 823 1500 crescendi
857 1459 1034 1501 deorlhm
1069 1461 1174 1500 viam
1193 1459 1434 1501 nanciscatur.
1458 1471 1499 1510 5.
1568 1460 1695 1502 Radix
1714 1473 1810 1501 con-

475 1523 586 1564 tinuo
620 1533 760 1565 terram
795 1524 860 1565 sibi
892 1524 1159 1566 adhaerentem
1192 1524 1304 1565 habet
1340 1537 1454 1578 quam
1508 1523 1725 1565 arc'tillime.
1761 1528 1806 1567 6.

474 1587 683 1629 Radiculae
716 1589 855 1630 virides
887 1591 968 1630 sunt
1002 1590 1041 1629 in
1073 1590 1317 1632 extremitate
1349 1587 1439 1639 sua,
1471 1598 1641 1629 ceterum
1685 1589 1807 1632 albae.

475 1649 655 1692 Viriditas
705 1651 799 1694 haec
830 1654 876 1694 ab
909 1653 971 1694 illa
1005 1654 1162 1694 materia
1213 1653 1355 1711 viridi,
1402 1665 1493 1707 quac
1537 1654 1576 1692 in
1609 1665 1704 1706 aqua
1738 1667 1807 1708 pu-

474 1713 658 1756 trescente
690 1719 808 1758 oritur
830 1750 841 1769 ‚
873 1718 1089 1758 deducenda
1122 1718 1285 1759 videtur.
1352 1716 1418 1758 Ex
1451 1729 1526 1770 quo
1560 1716 1671 1758 simul
1723 1731 1808 1760 ma-

474 1778 646 1820 nifestum
681 1780 734 1821 est
756 1811 766 1830 ‚
801 1782 903 1836 quod
945 1780 1139 1822 celeberr.
1182 1781 1383 1825 Henkelius
1443 1782 1481 1821 in
1525 1781 1642 1823 Flora
1671 1776 1807 1836 μίαν·

471 1845 627 1884 nizante
661 1857 699 1898 p.
743 1847 800 1885 86
821 1879 832 1898 ,
866 1846 985 1887 dicit:
1023 1847 1164 1900 plantas
1196 1847 1317 1900 magis
1357 1845 1430 1887 effe
1480 1857 1637 1900 partes,
1687 1858 1803 1898 qnam

472 1918 598 1960 partus
617 1940 628 1961 ,
664 1918 798 1950 terrae.
834 1919 877 1960 7.
945 1910 1276 1965 Enaporationem
1310 1912 1450 1952 radices
1503 1910 1642 1951 habent
1692 1909 1804 1953 valde
1836 1912 1842 1926 '

472 1972 631 2012 celerem
653 2005 664 2024 ,
697 1983 734 2014 et
767 1974 885 2028 triplo
915 1975 1073 2029 quidem
1108 1977 1297 2028 maiqrcm
1317 2007 1328 2025 ,
1359 1987 1473 2027 quam
1492 1984 1652 2026 germen
1676 1987 1686 2026 3
1713 1973 1800 2017 hinc

472 2046 553 2075 non
582 2035 786 2077 conseruari
819 2037 1001 2091 possunt,
1035 2051 1124 2081 cum
1157 2047 1397 2091 exponuntur
1437 2039 1513 2078 a'eri
1534 2071 1545 2090 ,
1598 2037 1656 2077 scd
1690 2038 1800 2080 obte-

473 2099 620 2151 gendae
654 2098 734 2139 liunt
770 2111 899 2154 terra;
935 2112 985 2141 cx
1021 2101 1180 2142 consilio
1211 2100 1434 2156 Perilltqiris
1473 2103 1583 2144 Dom.
1621 2101 1799 2156 Bilsinge·

471 2164 509 2206 ri
528 2193 541 2215 ‚
572 2162 609 2204 in
638 2159 923 2209 Commentariis
959 2162 1080 2210 Acad.
1101 2164 1282 2225 Petropol.
1303 2165 1439 2210 'l'omo
1460 2167 1494 2208 V
1515 2201 1528 2222 ‚
1561 2180 1650 2224 pag.
1676 2179 1765 2208 200
1785 2202 1799 2222 ‚

1680 2233 1714 2283 §-
1755 2241 1795 2281 5·
