1971 2700
460 159 545 208 DE
572 155 791 208 RESTHS
820 159 1082 209 MARtle.
1101 201 1105 206 Α
1346 175 1433 221 8ῐ5.

126 273 223 330 cipit
242 307 260 329 ,
287 275 453 330 adeoque
480 285 568 316 cum
596 285 675 328 ope
704 273 861 328 duplicis
879 273 1121 316 membranae
1138 272 1311 315 arteriam
1330 275 1437 330 aspe-

125 351 213 380 ram
241 329 423 395 cingentis
449 337 567 392 spirae
599 340 858 389 merceantur,
891 349 939 379 ne
970 335 1166 380 introrsum
1198 338 1263 378 vel
1285 348 1433 380 extror-

126 403 209 444 ssim
241 404 439 452 mirentur,
459 412 529 455 per
544 401 639 442 hanc
667 401 899 455 reciprocam
931 413 1026 443 vero
1041 401 1322 443 insinuationem
1342 415 1434 457 pro·

124 465 299 507 hibentur
327 464 451 507 annuli
480 475 528 504 ne
557 464 680 506 versus
708 464 822 506 latera
857 464 1038 507 luxentur.
1123 464 1206 506 Hac
1258 466 1432 507 ssrustura

127 528 245 582 spirali
276 529 404 569 arteria
441 526 567 581 aspera
606 527 699 568 inii-a
740 527 952 582 ‘glottidem
1001 529 1041 570 in
1074 541 1203 570 ramos
1233 529 1360 570 diffusa
1391 531 1433 572 in

124 591 315 633 branchias
343 590 467 645 pergit
484 622 495 643 ,
524 602 567 631 ac
597 591 637 631 in
669 590 743 644 ipia
776 592 1003 645 pulmonum
1037 592 1229 633 substantia
1257 593 1336 634 talis
1351 606 1432 635 cer-

125 655 226 695 nitur
244 687 256 707 ,
286 654 382 696 forte
413 653 465 697 ob
495 654 636 695 nullam
666 654 777 696 aliam
809 656 997 696 rationem
1018 686 1028 706 ‚
1047 668 1162 709 quam
1198 667 1275 710 quo
1305 656 1432 698 conti-

122 719 264 759 nuitate
293 718 430 760 horum
463 716 654 770 spiralium
687 717 910 760 circulorum
959 719 1228 772 praegrandem
1260 728 1299 759 et
1315 731 1428 774 ‚pon-

121 780 293 822 deroiam
331 781 557 835 pulmonum
609 779 759 821 molem
806 780 1025 835 respirando
1072 781 1209 821 facilius
1255 782 1430 827 attollere·

121 843 234 896 poffit
251 875 264 896 ,
296 856 370 898 quo
396 845 516 886 minus
546 841 702 885 musculi
739 852 804 885 aut
853 844 952 886 aliud
1000 843 1195 898 quidpiam
1244 844 1286 886 in
1317 843 1427 890 dorso.

118 905 274 948 fitorum
307 908 534 962 pulmonum
564 917 719 948 motum
750 907 876 949 iuuare
906 907 1067 962 poss'unt.

233 967 373 1013 Glottis
400 981 446 1013 vt
477 971 517 1012 in
550 971 649 1012 boue
666 1002 679 1022 ,
711 970 933 1024 epiglottide
965 970 1078 1023 longe
1117 977 1249 1012 tamen
1285 969 1429 1012 arctius

117 1039 157 1072 et
189 1032 333 1075 firmius
379 1047 491 1088 quam
532 1035 571 1075 in
602 1033 825 1075 terrestribus
870 1033 1162 1088 quadrupedibus
1210 1034 1391 1075 clauditur
1407 1062 1428 1084 ‚‚

115 1094 167 1135 ita
206 1105 247 1136 et
262 1096 473 1151 *epiglottis
501 1106 721 1151 comparate
748 1097 868 1148 longe
899 1095 1049 1135 craffior
1080 1096 1147 1136 est.
1220 1094 1422 1141 Diameter-

113 1156 259 1212 asperae
291 1160 443 1198 arteriae
471 1160 564 1198 infra
592 1158 794 1211 glottidem
825 1157 878 1198 est
909 1164 986 1207 43.
1026 1157 1228 1211 pollicum.

227 1216 412 1260 Glandula
443 1220 661 1272 Thyroidea
692 1231 922 1274 praemagna
950 1220 1003 1261 est
1033 1219 1171 1262 discissa
1218 1220 1425 1276 copiosum

110 1281 256 1323 fiiccum
287 1276 462 1324 fundebat
489 1283 645 1337 duplicis
674 1283 926 1326 consistentiae
963 1293 1002 1325 et
1036 1283 1189 1326 coloris.
1255 1283 1299 1326 Is=
1325 1283 1424 1326 scili--

110 1354 172 1385 cet
188 1377 200 1398 ‚
233 1344 298 1400 qui
329 1357 352 1385 e
381 1346 556 1399 glandulis
583 1347 798 1388 minoribus
821 1356 861 1388 et
878 1347 1138 1390 'exterioribus
1168 1347 1316 1391 distisfis
1335 1359 1418 1390 *ex-

110 1406 256 1449 sudabat
273 1441 284 1461 ,
313 1408 422 1450 laetis
450 1410 581 1450 color'e
609 1409 744 1451 tinCtus
758 1422 759 1425 ¹
775 1420 876 1463 erat,
889 1429 893 1432 ·
907 1411 1163 1453 confistentior
1178 1420 1304 1453 autem
1322 1410 1421 1452 huc·>

110 1469 204 1510 dum
236 1471 331 1513 lacre
363 1472 479 1513 ouillo
501 1473 616 1526 erat,
647 1473 777 1528 sapore
808 1474 950 1526 dulcis,
1000 1475 1064 1528 qui
1107 1485 1201 1515 vero
1231 1485 1254 1514 e
1287 1473 1421 1517 mediar

112 1531 242 1573 disciss‘a
273 1535 439 1587 glandula
468 1535 526 1577 seu
557 1537 795 1590 receptaCulo
825 1536 1074 1590 glandulae-in
1091 1537 1267 1590 peculiari
1285 1548 1411 1577 mem·

112 1594 270 1635 branoso
300 1596 402 1639 sacco
431 1600 685 1641 continebatur
703 1633 714 1653 ‚
747 1600 859 1655 pultis
890 1600 1063 1641 tarinacei
1079 1599 1312 1642 confistentia
1329 1601 1411 1653 glu-

112 1657 245 1698 tinosus
262 1690 273 1710 ,
304 1671 390 1701 cum
422 1662 599 1704 leuiffima
637 1662 881 1705 amarulentia
924 1662 1104 1705 subdulcis
1121 1696 1133 1715 ,
1182 1664 1312 1705 colore
1344 1664 1417 1705 fla-

111 1721 197 1760 vide
229 1721 330 1761 albus
359 1734 447 1763 erat.
481 1724 754 1779 Maximopere
783 1726 918 1777 dolui,
951 1728 1055 1781 quod
1086 1727 1413 1782 antequam-huius

111 1784 307 1836 glandulae
340 1786 516 1841 curiosiqr
546 1787 729 1839 inspectio
761 1789 858 1830 mihi
889 1789 926 1828 in
944 1791 1103 1842 vltimo‚
1127 1792 1230 1845 quod
1252 1801 1416 1843 aperue⁶

111 1857 216 1898 ram,
234 1847 384 1886 animali
403 1848 439 1886 in
473 1859 645 1889 mentem
679 1852 823 1891 venerit
853 1863 934 1891 non
972 1855 1137 1893 cauerim
1160 1882 1178 1896 ,.
1203 1865 1282 1906 quo
1310 1854 1408 1892 inte-

109 1921 215 1962 gram
246 1908 414 1963 asperam
432 1912 604 1952 arteriam
623 1924 709 1953 cum
725 1914 810 1967 gula
829 1945 841 1965 ,
875 1914 985 1955 corde
1001 1925 1042 1955 et
1057 1915 1415 1970 reliqum-uisceribus·

111 1972 353 2013 eximendam
387 1974 558 2014 curassem
578 1984 591 2023 ‚⁴
620 1978 727 2027 quodss
751 1989 846 2016 vero
877 1978 916 2016 in
935 1986 1056 2018 tantae
1085 1981 1195 2021 molis
1218 1981 1409 2021 animante

111 2035 176 2074 nisi
212 2036 337 2076 multis
370 2035 741 2079 hominibussssadiuto
771 2039 1006 2092 impossibil'e
1035 2042 1158 2094 eliasu
1175 2047 1266 2097 quo-
1284 2042 1411 2084 obser·

111 2107 268 2151 vatem,
299 2111 347 2139 an
380 2111 457 2152 non
489 2098 630 2151 succum
646 2100 762 2142 ¹hunc
793 2100 1059 2156 peraduc'tum
1075 2105 1323 2163 ειΗηυοιηζάω
1340 2118 1416 2158 pes*

664 2165 702 2208 R
737 2177 754 2205 r
788 2178 809 2204 2
1135 2186 1146 2206 a
1297 2168 1406 2210 culia-
