1971 2700
164 326 439 443 Duobus
480 321 680 381 abhinc
717 324 871 380 annis
913 324 1182 401 primitias
1218 323 1474 384 laborum

285 410 503 466 filorum
518 406 835 465 Academia
855 407 1226 466 Scientiarum
1248 408 1339 466 sub
1363 411 1475 467 aus-

161 490 1477 572 piciisELISABETAEAVGVSTAEinstau-

161 588 277 634 rata
320 576 548 637 eruditis
566 577 840 656 praebuit.
889 574 1211 634 Secundum
1234 578 1345 636 hoc
1358 579 1476 637 No-

161 680 360 718 uorum
402 662 968 720 Commentariorum
1016 662 1282 718 volumen
1328 663 1477 722 orbis

159 744 360 802 eruditi
373 747 565 803 lumen
577 743 877 825 adspiciens
889 743 1009 813 tibi,
1024 743 1257 802 candide
1273 746 1324 801 le
1333 744 1472 815 &013

160 849 335 888 nouos
378 828 506 889 sistit
551 850 658 887 nec
702 830 887 887 minus
921 827 1187 886 secundos
1218 829 1473 888 laborum

166 914 518 974 Academiae
540 915 937 995 Imperatoriae
960 911 1189 985 flii&u5,
1202 916 1257 971 in
1271 935 1473 973 omnes

159 998 394 1077 quidem
407 1000 603 1075 quibus
625 997 841 1055 constat
853 997 1172 1056 Academia
1193 998 1371 1057 clafles
1393 998 1473 1057 di-

157 1081 427 1140 stributos,
474 1082 860 1138 Mathematica
901 1083 1054 1137 enim
1090 1080 1263 1140 claffis
1314 1085 1472 1160 quin-

156 1182 269 1240 que
314 1165 430 1220 iam
475 1165 733 1221 continet
753 1161 1165 1224 dissertationes,
1252 1165 1471 1244 Phystco-

156 1245 541 1308 Mathematiccz
583 1247 808 1307 decem.
896 1247 1102 1328 Physsca
1145 1265 1386 1327 quatuor
1408 1265 1471 1312 et

156 1331 512 1408 Astronomica
552 1331 701 1391 duas,
748 1333 1028 1412 Intelliges
1062 1354 1287 1414 quoque
1312 1384 1329 1408 ,
1375 1338 1470 1396 be-

156 1417 362 1474 neuole
406 1414 619 1487 lector,
663 1415 737 1475 de
780 1419 1100 1477 nominibus
1131 1421 1221 1478 Cl.
1248 1422 1468 1481 Aucto-

154 1519 283 1558 rum
327 1499 707 1560 Academiam
752 1504 1108 1583 Imperialem
1153 1523 1329 1582 aeque
1376 1506 1466 1564 be-

155 1587 327 1664 nigne
361 1583 543 1645 facere
573 1589 856 1646 extraneis
888 1587 1044 1645 sociis
1065 1592 1136 1645 'et
1167 1589 1466 1668 praesenti-

156 1668 253 1727 bus
277 1717 295 1740 ,
342 1691 528 1749 neque
551 1674 736 1732 minus
757 1693 833 1731 ex
858 1693 970 1731 vna
992 1685 1152 1753 parte
1177 1674 1465 1753 splendere

152 1772 320 1827 quam
343 1775 417 1812 ex
438 1758 626 1815 altera.
671 1758 831 1817 Haec
859 1768 1053 1817 autem
1078 1757 1466 1819 munificentia

152 1833 392 1894 debetur
405 1837 803 1899 AVGVSTO
819 1843 978 1899 huius
989 1847 1236 1922 corporis
1246 1843 1465 1902 Funda-

154 1922 263 1977 tori
283 1920 550 1985 PETRO
572 1922 896 1992 MAGNO,
921 1928 1074 1980 cuius
1094 1927 1274 2002 gloria
1291 1927 1463 2006 splen-

152 2002 287 2062 dido
308 2005 416 2062 hoc
440 2003 708 2077 instituto:
725 2005 888 2084 quod
903 2007 972 2066 ad
990 2007 1335 2069 eruditorum
1360 2015 1463 2070 rei-

154 2090 405 2167 publicae
434 2088 677 2149 fruchlm
700 2091 993 2163 redundat,
1008 2095 1064 2151 in
1076 2115 1312 2153 omnem
1336 2117 1465 2177 pro-

157 2175 337 2233 minet
388 2179 722 2234 memoriam
768 2187 937 2255 atque
959 2177 1362 2259 posteritatem.

781 2278 803 2306 a
840 2278 863 2304 2
1357 2268 1459 2310 MA-
