<?xml version="1.0" encoding="UTF-8"?>
<!DOCTYPE html PUBLIC "-//W3C//DTD XHTML 1.0 Transitional//EN"
    "http://www.w3.org/TR/xhtml1/DTD/xhtml1-transitional.dtd">
<html xmlns="http://www.w3.org/1999/xhtml" xml:lang="en" lang="en">
 <head>
  <title>
</title>
<meta http-equiv="Content-Type" content="text/html;charset=utf-8" />
  <meta name='ocr-system' content='tesseract 3.04.00' />
  <meta name='ocr-capabilities' content='ocr_page ocr_carea ocr_par ocr_line ocrx_word'/>
</head>
<body>
  <div class='ocr_page' id='page_1' title='image "./novicommentariac02impe_0014.png"; bbox 0 0 1971 2700; ppageno 0'>
   <div class='ocr_carea' id='block_1_1' title="bbox 1050 125 1176 188">
    <p class='ocr_par' dir='ltr' id='par_1_1' title="bbox 1050 125 1176 188">
     <span class='ocr_line' id='line_1_1' title="bbox 1050 125 1176 188; baseline 0.016 -2"><span class='ocrx_word' id='word_1_1' title='bbox 1050 125 1176 188; x_wconf 81' lang='lat'>(8)</span> 
     </span>
    </p>
   </div>
   <div class='ocr_carea' id='block_1_2' title="bbox 450 245 1776 437">
    <p class='ocr_par' dir='ltr' id='par_1_2' title="bbox 450 245 1776 437">
     <span class='ocr_line' id='line_1_2' title="bbox 450 245 1776 304; baseline 0.001 -10"><span class='ocrx_word' id='word_1_2' title='bbox 450 250 578 294; x_wconf 65' lang='lat' dir='ltr'>valeat</span> <span class='ocrx_word' id='word_1_3' title='bbox 617 246 800 303; x_wconf 80' lang='lat' dir='ltr'>mysteria</span> <span class='ocrx_word' id='word_1_4' title='bbox 822 281 834 302; x_wconf 86' lang='lat'>,</span> <span class='ocrx_word' id='word_1_5' title='bbox 874 259 957 290; x_wconf 90' lang='lat' dir='ltr'>non</span> <span class='ocrx_word' id='word_1_6' title='bbox 995 247 1212 290; x_wconf 79' lang='lat' dir='ltr'>admodum</span> <span class='ocrx_word' id='word_1_7' title='bbox 1256 245 1377 290; x_wconf 88' lang='lat' dir='ltr'>firmo</span> <span class='ocrx_word' id='word_1_8' title='bbox 1415 247 1486 291; x_wconf 85' lang='lat' dir='ltr'>niti</span> <span class='ocrx_word' id='word_1_9' title='bbox 1519 249 1776 304; x_wconf 59' lang='lat' dir='ltr'>fundamentog</span> 
     </span>
     <span class='ocr_line' id='line_1_3' title="bbox 452 312 1775 368; baseline 0.001 -10"><span class='ocrx_word' id='word_1_10' title='bbox 452 316 550 359; x_wconf 89' lang='lat' dir='ltr'>serio</span> <span class='ocrx_word' id='word_1_11' title='bbox 598 316 771 357; x_wconf 89' lang='lat' dir='ltr'>dolendo</span> <span class='ocrx_word' id='word_1_12' title='bbox 821 314 1005 356; x_wconf 69' lang='lat' dir='ltr'>iacturam</span> <span class='ocrx_word' id='word_1_13' title='bbox 1056 312 1249 368; x_wconf 87' lang='lat' dir='ltr'>temporis</span> <span class='ocrx_word' id='word_1_14' title='bbox 1287 324 1329 354; x_wconf 89' lang='lat' dir='ltr'>et</span> <span class='ocrx_word' id='word_1_15' title='bbox 1370 313 1509 356; x_wconf 85' lang='lat' dir='ltr'>laboris</span> <span class='ocrx_word' id='word_1_16' title='bbox 1551 317 1589 356; x_wconf 85' lang='lat' dir='ltr'>in</span> <span class='ocrx_word' id='word_1_17' title='bbox 1619 316 1692 360; x_wconf 82' lang='lat' dir='ltr'>hac</span> <span class='ocrx_word' id='word_1_18' title='bbox 1724 319 1775 361; x_wconf 83' lang='lat' dir='ltr'>de</span> 
     </span>
     <span class='ocr_line' id='line_1_4' title="bbox 454 378 1445 437; baseline -0.003 -13"><span class='ocrx_word' id='word_1_19' title='bbox 454 383 622 425; x_wconf 78' lang='lat' dir='ltr'>numeris</span> <span class='ocrx_word' id='word_1_20' title='bbox 655 379 833 437; x_wconf 67' lang='lat' dir='ltr'>perfestis</span> <span class='ocrx_word' id='word_1_21' title='bbox 863 379 1117 435; x_wconf 73' lang='lat' dir='ltr'>diiquisitione</span> <span class='ocrx_word' id='word_1_22' title='bbox 1147 378 1445 421; x_wconf 81' lang='lat' dir='ltr'>collocatorum.</span> 
     </span>
    </p>
   </div>
   <div class='ocr_carea' id='block_1_3' title="bbox 461 525 1785 614">
    <p class='ocr_par' dir='ltr' id='par_1_3' title="bbox 461 525 1785 614">
     <span class='ocr_line' id='line_1_5' title="bbox 461 525 1785 614; baseline -0.001 -49"><span class='ocrx_word' id='word_1_23' title='bbox 461 526 512 566; x_wconf 91' lang='lat' dir='ltr'>G.</span> <span class='ocrx_word' id='word_1_24' title='bbox 542 529 601 568; x_wconf 88' lang='lat' dir='ltr'>W.</span> <span class='ocrx_word' id='word_1_25' title='bbox 629 528 855 568; x_wconf 80' lang='lat' dir='ltr'><strong>KRAFFTII</strong></span> <span class='ocrx_word' id='word_1_26' title='bbox 887 525 1206 614; x_wconf 45' lang='grc' dir='ltr'>ΒΕδΕῙὲἧῖΒἹῦἓ</span> <span class='ocrx_word' id='word_1_27' title='bbox 1247 526 1313 565; x_wconf 77' lang='grc' dir='ltr'>ΒΕ</span> <span class='ocrx_word' id='word_1_28' title='bbox 1354 526 1565 575; x_wconf 74' lang='lat' dir='ltr'>NVMEms</span> <span class='ocrx_word' id='word_1_29' title='bbox 1615 526 1785 566; x_wconf 67' lang='lat' dir='ltr'>AMICA-</span> 
     </span>
    </p>
   </div>
   <div class='ocr_carea' id='block_1_4' title="bbox 456 688 1805 2026">
    <p class='ocr_par' dir='ltr' id='par_1_4' title="bbox 456 688 1805 2026">
     <span class='ocr_line' id='line_1_6' title="bbox 456 688 1784 786; baseline -0.001 -50"><span class='ocrx_word' id='word_1_30' title='bbox 456 688 753 786; x_wconf 85' lang='lat' dir='ltr'>Proprietates</span> <span class='ocrx_word' id='word_1_31' title='bbox 789 702 909 735; x_wconf 84' lang='lat' dir='ltr'>certas</span> <span class='ocrx_word' id='word_1_32' title='bbox 939 704 1192 735; x_wconf 81' lang='lat' dir='ltr'>numerorum</span> <span class='ocrx_word' id='word_1_33' title='bbox 1232 691 1297 735; x_wconf 79' lang='lat' dir='ltr'>vel</span> <span class='ocrx_word' id='word_1_34' title='bbox 1331 692 1583 736; x_wconf 86' lang='lat' dir='ltr'>mediocriter</span> <span class='ocrx_word' id='word_1_35' title='bbox 1623 694 1660 735; x_wconf 91' lang='lat' dir='ltr'>in</span> <span class='ocrx_word' id='word_1_36' title='bbox 1695 692 1784 735; x_wconf 80' lang='lat' dir='ltr'>Ma-</span> 
     </span>
     <span class='ocr_line' id='line_1_7' title="bbox 458 756 1782 812; baseline 0 -14"><span class='ocrx_word' id='word_1_37' title='bbox 458 806 468 812; x_wconf 39' lang='lat'><strong>·</strong></span> <span class='ocrx_word' id='word_1_38' title='bbox 558 757 655 798; x_wconf 73' lang='lat' dir='ltr'>thesi</span> <span class='ocrx_word' id='word_1_39' title='bbox 690 756 854 797; x_wconf 55' lang='lat' dir='ltr'>versutus</span> <span class='ocrx_word' id='word_1_40' title='bbox 892 757 975 799; x_wconf 83' lang='lat' dir='ltr'>casu</span> <span class='ocrx_word' id='word_1_41' title='bbox 1016 758 1186 798; x_wconf 87' lang='lat' dir='ltr'>inuenire</span> <span class='ocrx_word' id='word_1_42' title='bbox 1207 789 1218 810; x_wconf 93' lang='lat'>,</span> <span class='ocrx_word' id='word_1_43' title='bbox 1256 758 1407 798; x_wconf 77' lang='lat' dir='ltr'>casdem</span> <span class='ocrx_word' id='word_1_44' title='bbox 1450 770 1578 800; x_wconf 79' lang='lat' dir='ltr'>autem</span> <span class='ocrx_word' id='word_1_45' title='bbox 1620 759 1782 799; x_wconf 75' lang='lat' dir='ltr'>demon-</span> 
     </span>
     <span class='ocr_line' id='line_1_8' title="bbox 459 820 1785 876; baseline -0.001 -14"><span class='ocrx_word' id='word_1_46' title='bbox 459 821 572 863; x_wconf 79' lang='lat' dir='ltr'>strare</span> <span class='ocrx_word' id='word_1_47' title='bbox 613 833 691 860; x_wconf 91' lang='lat' dir='ltr'>non</span> <span class='ocrx_word' id='word_1_48' title='bbox 735 833 852 875; x_wconf 81' lang='lat' dir='ltr'>aeque</span> <span class='ocrx_word' id='word_1_49' title='bbox 893 820 1002 862; x_wconf 81' lang='lat' dir='ltr'>facilc</span> <span class='ocrx_word' id='word_1_50' title='bbox 1046 821 1227 873; x_wconf 80' lang='lat' dir='ltr'>valebat,</span> <span class='ocrx_word' id='word_1_51' title='bbox 1269 823 1451 875; x_wconf 84' lang='lat' dir='ltr'>quoniam</span> <span class='ocrx_word' id='word_1_52' title='bbox 1492 822 1594 864; x_wconf 86' lang='lat' dir='ltr'>haud</span> <span class='ocrx_word' id='word_1_53' title='bbox 1627 823 1785 876; x_wconf 79' lang='lat' dir='ltr'>vulgaris</span> 
     </span>
     <span class='ocr_line' id='line_1_9' title="bbox 456 884 1786 941; baseline 0 -14"><span class='ocrx_word' id='word_1_54' title='bbox 456 886 730 941; x_wconf 75' lang='lat' dir='ltr'>saepenumero</span> <span class='ocrx_word' id='word_1_55' title='bbox 777 885 824 926; x_wconf 85' lang='lat' dir='ltr'>ad</span> <span class='ocrx_word' id='word_1_56' title='bbox 874 884 912 925; x_wconf 94' lang='lat' dir='ltr'>id</span> <span class='ocrx_word' id='word_1_57' title='bbox 952 885 1194 926; x_wconf 87' lang='lat' dir='ltr'>efficiendum</span> <span class='ocrx_word' id='word_1_58' title='bbox 1242 887 1439 939; x_wconf 79' lang='lat' dir='ltr'>requiritur</span> <span class='ocrx_word' id='word_1_59' title='bbox 1482 885 1670 941; x_wconf 72' lang='lat' dir='ltr'>sagacitas.</span> <span class='ocrx_word' id='word_1_60' title='bbox 1737 886 1786 927; x_wconf 76' lang='lat'>111</span> 
     </span>
     <span class='ocr_line' id='line_1_10' title="bbox 459 948 1789 1003; baseline -0.001 -12"><span class='ocrx_word' id='word_1_61' title='bbox 459 949 558 992; x_wconf 80' lang='lat' dir='ltr'>hanc</span> <span class='ocrx_word' id='word_1_62' title='bbox 592 948 745 990; x_wconf 75' lang='lat' dir='ltr'>classem</span> <span class='ocrx_word' id='word_1_63' title='bbox 789 948 1024 990; x_wconf 81' lang='lat' dir='ltr'>referendum</span> <span class='ocrx_word' id='word_1_64' title='bbox 1067 949 1118 989; x_wconf 86' lang='lat' dir='ltr'>est</span> <span class='ocrx_word' id='word_1_65' title='bbox 1160 950 1361 1003; x_wconf 82' lang='lat' dir='ltr'>problema</span> <span class='ocrx_word' id='word_1_66' title='bbox 1399 951 1503 1002; x_wconf 88' lang='lat' dir='ltr'>quod</span> <span class='ocrx_word' id='word_1_67' title='bbox 1545 951 1610 992; x_wconf 84' lang='lat' dir='ltr'>fibi</span> <span class='ocrx_word' id='word_1_68' title='bbox 1645 950 1789 991; x_wconf 86' lang='lat' dir='ltr'>soluen-</span> 
     </span>
     <span class='ocr_line' id='line_1_11' title="bbox 457 1009 1787 1067; baseline -0.001 -12"><span class='ocrx_word' id='word_1_69' title='bbox 457 1015 550 1056; x_wconf 88' lang='lat' dir='ltr'>dum</span> <span class='ocrx_word' id='word_1_70' title='bbox 587 1012 716 1054; x_wconf 77' lang='lat' dir='ltr'>sumsit</span> <span class='ocrx_word' id='word_1_71' title='bbox 747 1011 809 1053; x_wconf 91' lang='lat' dir='ltr'>Cl.</span> <span class='ocrx_word' id='word_1_72' title='bbox 847 1012 1026 1053; x_wconf 76' lang='lat' dir='ltr'>Krafftius</span> <span class='ocrx_word' id='word_1_73' title='bbox 1065 1012 1111 1050; x_wconf 81' lang='lat' dir='ltr'>de</span> <span class='ocrx_word' id='word_1_74' title='bbox 1147 1013 1324 1052; x_wconf 74' lang='lat' dir='ltr'>Numeris</span> <span class='ocrx_word' id='word_1_75' title='bbox 1356 1009 1623 1054; x_wconf 76' lang='lat' dir='ltr'>Amicabilihus</span> <span class='ocrx_word' id='word_1_76' title='bbox 1642 1047 1652 1066; x_wconf 92' lang='lat'>,</span> <span class='ocrx_word' id='word_1_77' title='bbox 1684 1013 1787 1067; x_wconf 86' lang='lat' dir='ltr'>quod</span> 
     </span>
     <span class='ocr_line' id='line_1_12' title="bbox 461 1071 1791 1132; baseline -0.002 -14"><span class='ocrx_word' id='word_1_78' title='bbox 461 1079 653 1132; x_wconf 81' lang='lat' dir='ltr'>Algebrae</span> <span class='ocrx_word' id='word_1_79' title='bbox 696 1077 831 1130; x_wconf 82' lang='lat' dir='ltr'>regulis</span> <span class='ocrx_word' id='word_1_80' title='bbox 877 1075 1000 1115; x_wconf 88' lang='lat' dir='ltr'>subiici</span> <span class='ocrx_word' id='word_1_81' title='bbox 1045 1071 1153 1126; x_wconf 86' lang='lat' dir='ltr'>posse</span> <span class='ocrx_word' id='word_1_82' title='bbox 1196 1074 1297 1112; x_wconf 77' lang='lat' dir='ltr'>haud</span> <span class='ocrx_word' id='word_1_83' title='bbox 1332 1085 1478 1126; x_wconf 80' lang='lat' dir='ltr'>putauit</span> <span class='ocrx_word' id='word_1_84' title='bbox 1501 1107 1511 1125; x_wconf 90' lang='lat'>‚</span> <span class='ocrx_word' id='word_1_85' title='bbox 1545 1077 1609 1127; x_wconf 90' lang='lat' dir='ltr'>qui</span> <span class='ocrx_word' id='word_1_86' title='bbox 1645 1077 1791 1128; x_wconf 74' lang='lat' dir='ltr'>primus</span> 
     </span>
     <span class='ocr_line' id='line_1_13' title="bbox 460 1133 1790 1188; baseline -0.005 -4"><span class='ocrx_word' id='word_1_87' title='bbox 460 1143 603 1185; x_wconf 89' lang='lat' dir='ltr'>horum</span> <span class='ocrx_word' id='word_1_88' title='bbox 640 1152 891 1181; x_wconf 86' lang='lat' dir='ltr'>numerorum</span> <span class='ocrx_word' id='word_1_89' title='bbox 926 1137 1169 1179; x_wconf 84' lang='lat' dir='ltr'>mentionem</span> <span class='ocrx_word' id='word_1_90' title='bbox 1204 1137 1355 1188; x_wconf 85' lang='lat' dir='ltr'>iniecit,</span> <span class='ocrx_word' id='word_1_91' title='bbox 1393 1133 1672 1178; x_wconf 80' lang='lat' dir='ltr'>Celeberrimus</span> <span class='ocrx_word' id='word_1_92' title='bbox 1689 1138 1790 1178; x_wconf 88' lang='lat' dir='ltr'>olim</span> 
     </span>
     <span class='ocr_line' id='line_1_14' title="bbox 460 1197 1791 1255; baseline -0.005 -7"><span class='ocrx_word' id='word_1_93' title='bbox 460 1206 739 1250; x_wconf 77' lang='lat' dir='ltr'>Arithmeticus</span> <span class='ocrx_word' id='word_1_94' title='bbox 780 1202 980 1245; x_wconf 78' lang='lat' dir='ltr'>Sticfelms.</span> <span class='ocrx_word' id='word_1_95' title='bbox 1048 1200 1277 1255; x_wconf 79' lang='lat' dir='ltr'>superatum</span> <span class='ocrx_word' id='word_1_96' title='bbox 1328 1214 1349 1241; x_wconf 90' lang='lat' dir='ltr'>a</span> <span class='ocrx_word' id='word_1_97' title='bbox 1391 1197 1562 1243; x_wconf 84' lang='lat' dir='ltr'>Cartesio</span> <span class='ocrx_word' id='word_1_98' title='bbox 1613 1200 1791 1241; x_wconf 85' lang='lat' dir='ltr'>difficilli-</span> 
     </span>
     <span class='ocr_line' id='line_1_15' title="bbox 461 1263 1791 1323; baseline -0.005 -10"><span class='ocrx_word' id='word_1_99' title='bbox 461 1284 570 1315; x_wconf 92' lang='lat' dir='ltr'>mum</span> <span class='ocrx_word' id='word_1_100' title='bbox 605 1270 681 1311; x_wconf 88' lang='lat' dir='ltr'>hoc</span> <span class='ocrx_word' id='word_1_101' title='bbox 716 1267 790 1309; x_wconf 87' lang='lat' dir='ltr'>csse</span> <span class='ocrx_word' id='word_1_102' title='bbox 823 1268 1025 1323; x_wconf 86' lang='lat' dir='ltr'>problema</span> <span class='ocrx_word' id='word_1_103' title='bbox 1067 1266 1228 1306; x_wconf 86' lang='lat' dir='ltr'>ostendit</span> <span class='ocrx_word' id='word_1_104' title='bbox 1259 1266 1319 1305; x_wconf 76' lang='lat' dir='ltr'>vir</span> <span class='ocrx_word' id='word_1_105' title='bbox 1353 1263 1415 1306; x_wconf 90' lang='lat' dir='ltr'>Cl.</span> <span class='ocrx_word' id='word_1_106' title='bbox 1450 1267 1630 1320; x_wconf 82' lang='lat' dir='ltr'>quidem,</span> <span class='ocrx_word' id='word_1_107' title='bbox 1661 1266 1719 1306; x_wconf 85' lang='lat' dir='ltr'>sed</span> <span class='ocrx_word' id='word_1_108' title='bbox 1751 1274 1791 1306; x_wconf 89' lang='lat' dir='ltr'>ct</span> 
     </span>
     <span class='ocr_line' id='line_1_16' title="bbox 465 1329 1793 1386; baseline -0.005 -9"><span class='ocrx_word' id='word_1_109' title='bbox 465 1346 574 1378; x_wconf 81' lang='lat' dir='ltr'>notat</span> <span class='ocrx_word' id='word_1_110' title='bbox 594 1368 604 1386; x_wconf 91' lang='lat'>,</span> <span class='ocrx_word' id='word_1_111' title='bbox 641 1334 757 1375; x_wconf 79' lang='lat' dir='ltr'>nimis</span> <span class='ocrx_word' id='word_1_112' title='bbox 789 1332 964 1386; x_wconf 82' lang='lat' dir='ltr'>angustos</span> <span class='ocrx_word' id='word_1_113' title='bbox 994 1331 1181 1370; x_wconf 85' lang='lat' dir='ltr'>terminos</span> <span class='ocrx_word' id='word_1_114' title='bbox 1215 1330 1281 1384; x_wconf 82' lang='lat' dir='ltr'>ipsi</span> <span class='ocrx_word' id='word_1_115' title='bbox 1303 1330 1445 1384; x_wconf 84' lang='lat' dir='ltr'>positos</span> <span class='ocrx_word' id='word_1_116' title='bbox 1464 1329 1568 1383; x_wconf 85' lang='lat' dir='ltr'>esse,</span> <span class='ocrx_word' id='word_1_117' title='bbox 1607 1331 1793 1384; x_wconf 79' lang='lat' dir='ltr'>quoniam</span> 
     </span>
     <span class='ocr_line' id='line_1_17' title="bbox 462 1395 1796 1449; baseline -0.004 -9"><span class='ocrx_word' id='word_1_118' title='bbox 462 1400 599 1441; x_wconf 86' lang='lat' dir='ltr'>solutio</span> <span class='ocrx_word' id='word_1_119' title='bbox 640 1399 809 1439; x_wconf 80' lang='lat' dir='ltr'>eiusdem</span> <span class='ocrx_word' id='word_1_120' title='bbox 855 1398 951 1438; x_wconf 82' lang='lat' dir='ltr'>intm</span> <span class='ocrx_word' id='word_1_121' title='bbox 993 1395 1181 1449; x_wconf 76' lang='lat' dir='ltr'>potentias</span> <span class='ocrx_word' id='word_1_122' title='bbox 1213 1395 1346 1435; x_wconf 78' lang='lat' dir='ltr'>binarii</span> <span class='ocrx_word' id='word_1_123' title='bbox 1380 1395 1552 1436; x_wconf 65' lang='lat' dir='ltr'>conclusa</span> <span class='ocrx_word' id='word_1_124' title='bbox 1586 1395 1631 1436; x_wconf 78' lang='lat' dir='ltr'>sit</span> <span class='ocrx_word' id='word_1_125' title='bbox 1651 1428 1662 1447; x_wconf 88' lang='lat'>,</span> <span class='ocrx_word' id='word_1_126' title='bbox 1695 1395 1796 1435; x_wconf 83' lang='lat' dir='ltr'>cuius</span> 
     </span>
     <span class='ocr_line' id='line_1_18' title="bbox 465 1459 1794 1513; baseline -0.005 -9"><span class='ocrx_word' id='word_1_127' title='bbox 465 1475 593 1505; x_wconf 76' lang='lat' dir='ltr'>tamen</span> <span class='ocrx_word' id='word_1_128' title='bbox 637 1463 879 1503; x_wconf 68' lang='lat' dir='ltr'>rcstristionis</span> <span class='ocrx_word' id='word_1_129' title='bbox 922 1461 1088 1500; x_wconf 89' lang='lat' dir='ltr'>minime</span> <span class='ocrx_word' id='word_1_130' title='bbox 1140 1459 1319 1513; x_wconf 75' lang='lat' dir='ltr'>indigeat.</span> <span class='ocrx_word' id='word_1_131' title='bbox 1389 1461 1495 1502; x_wconf 76' lang='lat' dir='ltr'>Haec</span> <span class='ocrx_word' id='word_1_132' title='bbox 1545 1461 1680 1500; x_wconf 82' lang='lat' dir='ltr'>omnia</span> <span class='ocrx_word' id='word_1_133' title='bbox 1724 1460 1794 1498; x_wconf 87' lang='lat' dir='ltr'>rite</span> 
     </span>
     <span class='ocr_line' id='line_1_19' title="bbox 468 1522 1798 1579; baseline -0.004 -12"><span class='ocrx_word' id='word_1_134' title='bbox 468 1538 506 1568; x_wconf 87' lang='lat' dir='ltr'>et</span> <span class='ocrx_word' id='word_1_135' title='bbox 539 1527 727 1579; x_wconf 76' lang='lat' dir='ltr'>eleganter</span> <span class='ocrx_word' id='word_1_136' title='bbox 761 1528 798 1566; x_wconf 88' lang='lat' dir='ltr'>in</span> <span class='ocrx_word' id='word_1_137' title='bbox 834 1522 1093 1565; x_wconf 73' lang='lat' dir='ltr'>dissertatione</span> <span class='ocrx_word' id='word_1_138' title='bbox 1128 1524 1202 1577; x_wconf 73' lang='lat' dir='ltr'>ipfi1</span> <span class='ocrx_word' id='word_1_139' title='bbox 1223 1556 1233 1575; x_wconf 94' lang='lat'>,</span> <span class='ocrx_word' id='word_1_140' title='bbox 1273 1536 1367 1577; x_wconf 86' lang='lat' dir='ltr'>quae</span> <span class='ocrx_word' id='word_1_141' title='bbox 1402 1534 1595 1578; x_wconf 70' lang='lat' dir='ltr'>praeterea</span> <span class='ocrx_word' id='word_1_142' title='bbox 1630 1524 1798 1577; x_wconf 74' lang='lat' dir='ltr'>plurima</span> 
     </span>
     <span class='ocr_line' id='line_1_20' title="bbox 466 1587 1797 1643; baseline -0.005 -11"><span class='ocrx_word' id='word_1_143' title='bbox 466 1592 538 1632; x_wconf 76' lang='lat' dir='ltr'>alia</span> <span class='ocrx_word' id='word_1_144' title='bbox 570 1590 614 1630; x_wconf 79' lang='lat' dir='ltr'>ad</span> <span class='ocrx_word' id='word_1_145' title='bbox 650 1590 746 1630; x_wconf 78' lang='lat' dir='ltr'>hanc</span> <span class='ocrx_word' id='word_1_146' title='bbox 781 1589 993 1630; x_wconf 67' lang='lat' dir='ltr'>doeh-inum</span> <span class='ocrx_word' id='word_1_147' title='bbox 1027 1587 1232 1641; x_wconf 51' lang='lat' dir='ltr'>spectantia</span> <span class='ocrx_word' id='word_1_148' title='bbox 1267 1590 1439 1629; x_wconf 88' lang='lat' dir='ltr'>continet</span> <span class='ocrx_word' id='word_1_149' title='bbox 1459 1623 1471 1642; x_wconf 88' lang='lat'>‚</span> <span class='ocrx_word' id='word_1_150' title='bbox 1504 1588 1679 1643; x_wconf 75' lang='lat' dir='ltr'>exposita</span> <span class='ocrx_word' id='word_1_151' title='bbox 1703 1587 1797 1627; x_wconf 83' lang='lat' dir='ltr'>lunt.</span> 
     </span>
     <span class='ocr_line' id='line_1_21' title="bbox 470 1651 1802 1708; baseline -0.004 -13"><span class='ocrx_word' id='word_1_152' title='bbox 470 1655 662 1698; x_wconf 83' lang='lat' dir='ltr'>Omnibus</span> <span class='ocrx_word' id='word_1_153' title='bbox 695 1667 787 1708; x_wconf 83' lang='lat' dir='ltr'>ergo</span> <span class='ocrx_word' id='word_1_154' title='bbox 807 1687 817 1705; x_wconf 79' lang='lat'>,</span> <span class='ocrx_word' id='word_1_155' title='bbox 851 1653 981 1693; x_wconf 80' lang='lat' dir='ltr'>nostro</span> <span class='ocrx_word' id='word_1_156' title='bbox 1015 1652 1173 1706; x_wconf 84' lang='lat' dir='ltr'>quidem</span> <span class='ocrx_word' id='word_1_157' title='bbox 1207 1653 1375 1704; x_wconf 79' lang='lat' dir='ltr'>iudicio,</span> <span class='ocrx_word' id='word_1_158' title='bbox 1410 1656 1472 1708; x_wconf 85' lang='lat' dir='ltr'>qui</span> <span class='ocrx_word' id='word_1_159' title='bbox 1506 1654 1605 1695; x_wconf 81' lang='lat' dir='ltr'>hanc</span> <span class='ocrx_word' id='word_1_160' title='bbox 1643 1651 1802 1693; x_wconf 78' lang='lat' dir='ltr'>Matho-</span> 
     </span>
     <span class='ocr_line' id='line_1_22' title="bbox 471 1717 1804 1772; baseline -0.003 -12"><span class='ocrx_word' id='word_1_161' title='bbox 471 1721 550 1760; x_wconf 80' lang='lat' dir='ltr'>seos</span> <span class='ocrx_word' id='word_1_162' title='bbox 586 1729 731 1772; x_wconf 77' lang='lat' dir='ltr'>partem</span> <span class='ocrx_word' id='word_1_163' title='bbox 768 1718 965 1758; x_wconf 74' lang='lat' dir='ltr'>aestimare</span> <span class='ocrx_word' id='word_1_164' title='bbox 1002 1717 1157 1768; x_wconf 69' lang='lat' dir='ltr'>valent,</span> <span class='ocrx_word' id='word_1_165' title='bbox 1207 1717 1530 1771; x_wconf 73' lang='lat' dir='ltr'>solutionibusque</span> <span class='ocrx_word' id='word_1_166' title='bbox 1579 1717 1804 1771; x_wconf 82' lang='lat' dir='ltr'>problema-</span> 
     </span>
     <span class='ocr_line' id='line_1_23' title="bbox 471 1779 1803 1837; baseline -0.003 -13"><span class='ocrx_word' id='word_1_167' title='bbox 471 1795 554 1825; x_wconf 89' lang='lat' dir='ltr'>tum</span> <span class='ocrx_word' id='word_1_168' title='bbox 589 1783 934 1837; x_wconf 72' lang='lat' dir='ltr'>diapliuntaeorum</span> <span class='ocrx_word' id='word_1_169' title='bbox 968 1782 1207 1823; x_wconf 63' lang='lat' dir='ltr'>delcetantur</span> <span class='ocrx_word' id='word_1_170' title='bbox 1228 1815 1239 1835; x_wconf 87' lang='lat'>,</span> <span class='ocrx_word' id='word_1_171' title='bbox 1270 1779 1483 1823; x_wconf 71' lang='lat' dir='ltr'>differtatio</span> <span class='ocrx_word' id='word_1_172' title='bbox 1527 1782 1621 1822; x_wconf 81' lang='lat' dir='ltr'>haec</span> <span class='ocrx_word' id='word_1_173' title='bbox 1657 1781 1803 1820; x_wconf 87' lang='lat' dir='ltr'>mirum</span> 
     </span>
     <span class='ocr_line' id='line_1_24' title="bbox 473 1842 1804 1902; baseline -0.006 -15"><span class='ocrx_word' id='word_1_174' title='bbox 473 1858 656 1902; x_wconf 65' lang='lat' dir='ltr'>quantum</span> <span class='ocrx_word' id='word_1_175' title='bbox 720 1849 924 1900; x_wconf 73' lang='lat' dir='ltr'>placebit,</span> <span class='ocrx_word' id='word_1_176' title='bbox 976 1847 1197 1900; x_wconf 73' lang='lat' dir='ltr'>praesertim</span> <span class='ocrx_word' id='word_1_177' title='bbox 1252 1846 1279 1886; x_wconf 81' lang='lat' dir='ltr'>si</span> <span class='ocrx_word' id='word_1_178' title='bbox 1310 1877 1322 1894; x_wconf 92' lang='lat'>‚</span> <span class='ocrx_word' id='word_1_179' title='bbox 1373 1857 1469 1898; x_wconf 78' lang='lat' dir='ltr'>quae</span> <span class='ocrx_word' id='word_1_180' title='bbox 1522 1842 1804 1883; x_wconf 61' lang='lat' dir='ltr'>Celeberr&#39;mus</span> 
     </span>
     <span class='ocr_line' id='line_1_25' title="bbox 473 1904 1805 1954; baseline -0.008 0"><span class='ocrx_word' id='word_1_181' title='bbox 473 1913 630 1954; x_wconf 65' lang='lat' dir='ltr'>Iinlerus</span> <span class='ocrx_word' id='word_1_182' title='bbox 665 1911 712 1950; x_wconf 87' lang='lat' dir='ltr'>dc</span> <span class='ocrx_word' id='word_1_183' title='bbox 749 1911 806 1951; x_wconf 81' lang='lat' dir='ltr'>his</span> <span class='ocrx_word' id='word_1_184' title='bbox 840 1912 1005 1951; x_wconf 83' lang='lat' dir='ltr'>numeris</span> <span class='ocrx_word' id='word_1_185' title='bbox 1038 1912 1076 1950; x_wconf 90' lang='lat' dir='ltr'>in</span> <span class='ocrx_word' id='word_1_186' title='bbox 1109 1912 1209 1951; x_wconf 78' lang='lat' dir='ltr'>nouis</span> <span class='ocrx_word' id='word_1_187' title='bbox 1250 1909 1361 1950; x_wconf 67' lang='lat' dir='ltr'><em>AHt&#39;s</em></span> <span class='ocrx_word' id='word_1_188' title='bbox 1396 1907 1646 1946; x_wconf 80' lang='lat' dir='ltr'>Eruditorum</span> <span class='ocrx_word' id='word_1_189' title='bbox 1686 1904 1805 1946; x_wconf 82' lang='lat' dir='ltr'>Men-</span> 
     </span>
     <span class='ocr_line' id='line_1_26' title="bbox 471 1968 1557 2026; baseline -0.006 -9"><span class='ocrx_word' id='word_1_190' title='bbox 471 1977 506 2017; x_wconf 91' lang='lat' dir='ltr'>sc</span> <span class='ocrx_word' id='word_1_191' title='bbox 546 1975 659 2016; x_wconf 71' lang='lat' dir='ltr'>maio</span> <span class='ocrx_word' id='word_1_192' title='bbox 701 1985 816 2023; x_wconf 80' lang='lat'>1747</span> <span class='ocrx_word' id='word_1_193' title='bbox 853 1987 892 2026; x_wconf 94' lang='lat' dir='ltr'>p.</span> <span class='ocrx_word' id='word_1_194' title='bbox 934 1977 1022 2022; x_wconf 83' lang='lat'>269</span> <span class='ocrx_word' id='word_1_195' title='bbox 1060 1970 1268 2026; x_wconf 75' lang='lat' dir='ltr'>exposuit,</span> <span class='ocrx_word' id='word_1_196' title='bbox 1301 1968 1557 2011; x_wconf 69' lang='lat' dir='ltr'>conferantur.</span> 
     </span>
    </p>
   </div>
   <div class='ocr_carea' id='block_1_5' title="bbox 1675 2075 1805 2140">
    <p class='ocr_par' dir='ltr' id='par_1_5' title="bbox 1675 2075 1805 2140">
     <span class='ocr_line' id='line_1_27' title="bbox 1675 2075 1805 2140; baseline 0.008 -1"><span class='ocrx_word' id='word_1_197' title='bbox 1675 2075 1805 2140; x_wconf 72' lang='lat' dir='ltr'>pm(-</span> 
     </span>
    </p>
   </div>
  </div>
 </body>
</html>
