1971 2700
1072 169 1192 224 (6)

470 296 704 340 ordinariam
727 328 738 346 ,
771 305 841 335 nec
876 305 956 333 non
988 289 1212 346 parabolam
1243 287 1547 344 Apollonianam
1579 289 1670 334 focis
1687 291 1792 347 Phy-

472 363 552 404 ficis
592 359 787 402 iustrue'tas
828 357 901 398 css'e
922 390 933 409 ,
975 356 1131 409 reliquas
1175 366 1310 395 omnes
1351 366 1449 394 vero
1489 354 1692 408 superiores
1723 360 1790 399 tali

471 427 564 468 foco
597 424 759 477 Physrco
792 422 955 463 destitui.
1025 420 1127 461 Hinc
1161 419 1289 458 afferit
1329 430 1383 458 ex
1417 419 1652 472 proprietate
1684 418 1787 463 Geo-

473 492 634 532 metrica
666 500 759 543 quae
793 488 831 527 iu
866 484 985 538 ellipfi
1017 493 1056 524 et
1088 482 1269 537 parabola
1299 481 1434 522 infima
1468 482 1586 523 iblum
1606 484 1791 538 obtineat,

472 554 573 596 male
613 551 786 593 concludi
835 549 881 589 ad
916 547 1126 602 superiores
1178 546 1287 587 hasce
1329 558 1470 588 cumas,
1535 547 1589 587 Et
1622 549 1792 602 quamtus

472 631 551 659 non
587 627 701 669 neget
733 612 996 665 imaginarium
1028 610 1195 664 aliquem
1227 609 1357 651 focum
1389 611 1473 665 ipsis
1505 612 1618 652 tribui
1654 611 1761 665 posse
1781 646 1792 665 ,

473 681 551 722 hoc
587 690 714 737 tri-rnen
750 687 896 715 nomeu
939 674 1019 725 illas
1059 686 1138 713 non
1173 675 1312 715 mereri
1354 676 1572 728 contendit,
1611 677 1792 730 quoniam

472 745 519 786 ad
552 752 723 782 errorem
766 738 1018 779 inducendum
1052 738 1223 779 inseruire
1266 738 1378 793 possit
1398 773 1408 791 ‚
1447 740 1547 793 quasi
1588 741 1795 794 superiores

474 805 618 861 ellipscs
668 813 708 844 et
761 802 960 858 parabolae
1009 803 1127 844 ctiam
1177 801 1270 843 focis
1321 805 1420 846 veris
1459 814 1497 844 et
1527 804 1692 859 physicis
1723 805 1794 847 siut

475 869 684 918 praeditae.

500 994 540 1031 L.
570 991 750 1029 EVLERI
787 990 1004 1028 SOLVTIO
1041 991 1369 1027 PROBLEMATIS
1401 992 1705 1030 DlFFlClLLIMl
1740 993 1771 1029 A

877 1038 1129 1077 FERMATlo
1153 1038 1408 1075 PROPOSITI.

479 1138 629 1237 Cum
664 1137 880 1180 Fermatius
913 1138 1100 1191 proximo
1131 1136 1256 1191 elapso
1287 1135 1409 1177 seculo
1429 1169 1440 1187 ,
1473 1133 1621 1178 Galliae
1656 1136 1767 1176 decus
1786 1169 1797 1187 ,

596 1204 808 1258 plurimum
846 1201 954 1242 studii
987 1213 1026 1242 et
1057 1214 1196 1256 oper-ae
1230 1202 1270 1242 in
1300 1200 1598 1255 problematibus
1638 1200 1683 1239 ad
1718 1211 1801 1239 me-

476 1267 642 1308 thodum
677 1266 895 1321 Diophanti
929 1266 1203 1320 pertinentibus
1233 1264 1441 1306 fcliciffimo
1491 1263 1654 1305 successu
1706 1275 1800 1303 con·

475 1331 657 1373 sumsrffet
677 1364 688 1383 ‚
723 1342 764 1372 et
797 1331 894 1372 hacc
935 1331 1122 1383 analyseos
1155 1342 1241 1385 pars
1272 1329 1356 1384 post
1398 1330 1477 1370 eius
1510 1339 1687 1383 tempora
1720 1339 1800 1368 non

476 1396 614 1437 eadem
649 1409 737 1436 cura
771 1408 812 1436 ac
846 1395 1012 1449 reliquae
1046 1394 1261 1449 praedie‘tae
1293 1393 1505 1448 disciplinae
1548 1405 1670 1447 partes
1710 1404 1798 1446 pro—

477 1468 586 1499 mota
605 1492 616 1511 ‚
648 1460 732 1500 imo
764 1472 785 1499 a
819 1460 1026 1513 geometris
1058 1462 1122 1513 qui
1156 1471 1244 1499 cum
1279 1459 1417 1509 secuti,
1452 1457 1526 1498 iere
1544 1456 1716 1511 neglecta
1743 1455 1799 1507 sit,

478 1522 620 1562 idcirco
655 1520 739 1563 Cel.
765 1522 923 1563 Eulerus
957 1535 1105 1578 partem
1126 1523 1224 1563 hauc
1244 1522 1436 1574 analyseos
1455 1555 1465 1574 ,
1499 1533 1595 1575 quae
1612 1522 1711 1561 circa
1732 1532 1802 1560 uu·

478 1597 607 1626 meros
637 1587 690 1626 est
724 1597 908 1640 occupat-‚1
929 1619 939 1638 ,
975 1598 1014 1626 et
1048 1588 1096 1627 ad
1131 1588 1368 1641 problemata
1404 1586 1696 1627 indeterminata
1729 1584 1797 1625 sol-

478 1650 605 1690 venda
655 1650 822 1691 adhiberi
864 1650 960 1690 solet
982 1685 992 1703 ,
1038 1651 1100 1691 vel
1159 1651 1248 1691 ideo
1287 1650 1489 1692 colendam
1542 1650 1606 1691 fibi
1648 1648 1805 1702 sumsit,

478 1716 662 1767 quoniam
706 1715 931 1769 plerumque
974 1714 1120 1756 stimma
1160 1715 1300 1769 ingenii
1339 1717 1398 1756 vis
1438 1716 1475 1754 iu
1519 1714 1652 1754 talibus
1691 1713 1801 1754 huius

478 1778 673 1820 doctrinae
708 1779 1021 1832 problematibus,
1063 1792 1157 1834 quae
1199 1780 1299 1820 olim
1341 1779 1460 1820 solutu
1510 1777 1677 1818 difficilia
1718 1777 1802 1816 sunt

477 1840 606 1881 habita
627 1875 637 1892 ,
667 1854 839 1883 cernatur
859 1877 869 1895 ,
904 1854 1014 1897 atque
1055 1845 1101 1884 ab
1132 1843 1301 1895 analysta
1344 1855 1423 1882 non
1457 1840 1661 1880 mediocris
1691 1839 1736 1879 ad
1754 1850 1800 1878 ca

473 1904 652 1946 soluenda
685 1907 891 1958 requiratur
926 1908 1110 1960 firgacitas.

597 1969 796 2008 Problema
833 1980 959 2007 nutem
981 2000 991 2017 ,
1025 1970 1127 2020 quod
1162 1968 1226 2007 sibi
1268 1968 1305 2006 in
1341 1967 1411 2007 hac
1454 1962 1712 2006 dissertatione
1741 1966 1800 2006 in·

480 2033 714 2074 veniendum
750 2030 875 2071 filmslt
906 2029 988 2070 Cel.
1025 2030 1183 2071 bulerus
1216 2041 1253 2071 et
1284 2031 1387 2084 quod
1428 2042 1450 2070 a
1486 2030 1705 2081 formatio,
1734 2030 1799 2085 qui

480 2099 518 2140 id
565 2099 602 2137 iu
645 2096 952 2137 annotationum
995 2094 1062 2135 suis
1103 2094 1149 2134 ad
1183 2093 1456 2148 Diophantum
1500 2092 1673 2135 Pmchctii
1711 2106 1803 2147 pro·

480 2163 655 2218 posucrat
680 2195 691 2216 ‚
736 2161 849 2215 idque
891 2160 1007 2201 solutu
1049 2158 1324 2203 difficillimum
1366 2160 1626 2214 iudicaucrat,
1667 2158 1720 2199 cst
1749 2158 1803 2199 se·

481 2238 607 2280 quens.

1710 2285 1802 2341 „11¹-
