<?xml version="1.0" encoding="UTF-8"?>
<!DOCTYPE html PUBLIC "-//W3C//DTD XHTML 1.0 Transitional//EN"
    "http://www.w3.org/TR/xhtml1/DTD/xhtml1-transitional.dtd">
<html xmlns="http://www.w3.org/1999/xhtml" xml:lang="en" lang="en">
 <head>
  <title>
</title>
<meta http-equiv="Content-Type" content="text/html;charset=utf-8" />
  <meta name='ocr-system' content='tesseract 3.04.00' />
  <meta name='ocr-capabilities' content='ocr_page ocr_carea ocr_par ocr_line ocrx_word'/>
</head>
<body>
  <div class='ocr_page' id='page_1' title='image "./novicommentariac02impe_0036.png"; bbox 0 0 1971 2700; ppageno 0'>
   <div class='ocr_carea' id='block_1_1' title="bbox 1030 148 1188 208">
    <p class='ocr_par' dir='ltr' id='par_1_1' title="bbox 1030 148 1188 208">
     <span class='ocr_line' id='line_1_1' title="bbox 1030 148 1188 208; baseline 0 -2"><span class='ocrx_word' id='word_1_1' title='bbox 1030 148 1188 208; x_wconf 76' lang='lat'>(³0)</span> 
     </span>
    </p>
   </div>
   <div class='ocr_carea' id='block_1_2' title="bbox 449 268 1777 1350">
    <p class='ocr_par' dir='ltr' id='par_1_2' title="bbox 449 268 1777 1350">
     <span class='ocr_line' id='line_1_2' title="bbox 449 268 1767 327; baseline -0.006 -11"><span class='ocrx_word' id='word_1_2' title='bbox 449 271 560 325; x_wconf 87' lang='lat' dir='ltr'>dati,</span> <span class='ocrx_word' id='word_1_3' title='bbox 592 284 686 327; x_wconf 83' lang='lat' dir='ltr'>quae</span> <span class='ocrx_word' id='word_1_4' title='bbox 732 269 942 324; x_wconf 76' lang='lat' dir='ltr'>prolixiora</span> <span class='ocrx_word' id='word_1_5' title='bbox 982 269 1063 310; x_wconf 87' lang='lat' dir='ltr'>sunt</span> <span class='ocrx_word' id='word_1_6' title='bbox 1104 281 1219 323; x_wconf 87' lang='lat' dir='ltr'>quam</span> <span class='ocrx_word' id='word_1_7' title='bbox 1262 279 1305 310; x_wconf 82' lang='lat' dir='ltr'>vt</span> <span class='ocrx_word' id='word_1_8' title='bbox 1339 268 1400 309; x_wconf 84' lang='lat' dir='ltr'>hic</span> <span class='ocrx_word' id='word_1_9' title='bbox 1433 268 1561 309; x_wconf 84' lang='lat' dir='ltr'>iocum</span> <span class='ocrx_word' id='word_1_10' title='bbox 1597 268 1767 310; x_wconf 80' lang='lat' dir='ltr'>inuenire</span> 
     </span>
     <span class='ocr_line' id='line_1_3' title="bbox 451 332 1764 394; baseline -0.006 -13"><span class='ocrx_word' id='word_1_11' title='bbox 451 337 590 394; x_wconf 73' lang='lat' dir='ltr'>foffint</span> <span class='ocrx_word' id='word_1_12' title='bbox 623 338 670 378; x_wconf 89' lang='lat' dir='ltr'>ab</span> <span class='ocrx_word' id='word_1_13' title='bbox 704 334 738 374; x_wconf 84' lang='lat' dir='ltr'>V</span> <span class='ocrx_word' id='word_1_14' title='bbox 744 335 866 375; x_wconf 73' lang='lat' dir='ltr'>mni-ac</span> <span class='ocrx_word' id='word_1_15' title='bbox 910 335 1143 374; x_wconf 79' lang='lat' dir='ltr'>amatoribus</span> <span class='ocrx_word' id='word_1_16' title='bbox 1175 335 1214 374; x_wconf 89' lang='lat' dir='ltr'>in</span> <span class='ocrx_word' id='word_1_17' title='bbox 1248 332 1506 374; x_wconf 75' lang='lat' dir='ltr'>dissertatione</span> <span class='ocrx_word' id='word_1_18' title='bbox 1538 332 1610 386; x_wconf 83' lang='lat' dir='ltr'>ipsa</span> <span class='ocrx_word' id='word_1_19' title='bbox 1642 333 1764 387; x_wconf 85' lang='lat' dir='ltr'>legen-</span> 
     </span>
     <span class='ocr_line' id='line_1_4' title="bbox 454 396 1769 452; baseline -0.005 -8"><span class='ocrx_word' id='word_1_20' title='bbox 454 403 515 444; x_wconf 84' lang='lat' dir='ltr'>da.</span> <span class='ocrx_word' id='word_1_21' title='bbox 583 401 623 442; x_wconf 92' lang='lat' dir='ltr'>Si</span> <span class='ocrx_word' id='word_1_22' title='bbox 657 412 736 443; x_wconf 89' lang='lat' dir='ltr'>non</span> <span class='ocrx_word' id='word_1_23' title='bbox 770 399 904 442; x_wconf 79' lang='lat' dir='ltr'>omnia</span> <span class='ocrx_word' id='word_1_24' title='bbox 945 398 1055 452; x_wconf 82' lang='lat' dir='ltr'>plane</span> <span class='ocrx_word' id='word_1_25' title='bbox 1100 409 1198 437; x_wconf 87' lang='lat' dir='ltr'>noua</span> <span class='ocrx_word' id='word_1_26' title='bbox 1232 397 1339 450; x_wconf 90' lang='lat' dir='ltr'>sunt,</span> <span class='ocrx_word' id='word_1_27' title='bbox 1366 403 1473 452; x_wconf 76' lang='lat' dir='ltr'>‘quae</span> <span class='ocrx_word' id='word_1_28' title='bbox 1506 397 1606 437; x_wconf 85' lang='lat' dir='ltr'>clare</span> <span class='ocrx_word' id='word_1_29' title='bbox 1637 396 1769 438; x_wconf 76' lang='lat' dir='ltr'>doctus</span> 
     </span>
     <span class='ocr_line' id='line_1_5' title="bbox 451 460 1769 516; baseline -0.005 -7"><span class='ocrx_word' id='word_1_30' title='bbox 451 467 604 509; x_wconf 63' lang='lat' dir='ltr'>Auctor</span> <span class='ocrx_word' id='word_1_31' title='bbox 643 465 792 506; x_wconf 82' lang='lat' dir='ltr'>adducit</span> <span class='ocrx_word' id='word_1_32' title='bbox 810 495 821 514; x_wconf 89' lang='lat'>‚</span> <span class='ocrx_word' id='word_1_33' title='bbox 862 472 924 502; x_wconf 85' lang='lat' dir='ltr'>aut</span> <span class='ocrx_word' id='word_1_34' title='bbox 966 461 1089 502; x_wconf 85' lang='lat' dir='ltr'>multa</span> <span class='ocrx_word' id='word_1_35' title='bbox 1127 461 1316 515; x_wconf 78' lang='lat' dir='ltr'>prolixius</span> <span class='ocrx_word' id='word_1_36' title='bbox 1352 475 1468 516; x_wconf 85' lang='lat' dir='ltr'>quam</span> <span class='ocrx_word' id='word_1_37' title='bbox 1511 473 1608 515; x_wconf 89' lang='lat' dir='ltr'>opus</span> <span class='ocrx_word' id='word_1_38' title='bbox 1651 460 1769 502; x_wconf 72' lang='lat' dir='ltr'>suiss‘et</span> 
     </span>
     <span class='ocr_line' id='line_1_6' title="bbox 451 523 1769 585; baseline -0.005 -13"><span class='ocrx_word' id='word_1_39' title='bbox 451 531 626 585; x_wconf 82' lang='lat' dir='ltr'>exposita</span> <span class='ocrx_word' id='word_1_40' title='bbox 661 528 782 567; x_wconf 73' lang='lat' dir='ltr'>videri</span> <span class='ocrx_word' id='word_1_41' title='bbox 817 524 958 579; x_wconf 83' lang='lat' dir='ltr'>possint</span> <span class='ocrx_word' id='word_1_42' title='bbox 977 559 988 576; x_wconf 90' lang='lat'>,</span> <span class='ocrx_word' id='word_1_43' title='bbox 1019 526 1209 566; x_wconf 61' lang='lat' dir='ltr'>fatendum</span> <span class='ocrx_word' id='word_1_44' title='bbox 1244 537 1373 566; x_wconf 82' lang='lat' dir='ltr'>tamen</span> <span class='ocrx_word' id='word_1_45' title='bbox 1403 537 1556 581; x_wconf 85' lang='lat' dir='ltr'>quoque</span> <span class='ocrx_word' id='word_1_46' title='bbox 1589 525 1669 578; x_wconf 85' lang='lat' dir='ltr'>est,</span> <span class='ocrx_word' id='word_1_47' title='bbox 1703 523 1769 566; x_wconf 87' lang='lat' dir='ltr'>Cl.</span> 
     </span>
     <span class='ocr_line' id='line_1_7' title="bbox 451 589 1773 642; baseline -0.005 -6"><span class='ocrx_word' id='word_1_48' title='bbox 451 595 610 636; x_wconf 63' lang='lat' dir='ltr'>doctum</span> <span class='ocrx_word' id='word_1_49' title='bbox 646 591 862 632; x_wconf 60' lang='lat' dir='ltr'>Austorcm</span> <span class='ocrx_word' id='word_1_50' title='bbox 899 589 961 642; x_wconf 90' lang='lat' dir='ltr'>qui</span> <span class='ocrx_word' id='word_1_51' title='bbox 995 589 1227 641; x_wconf 87' lang='lat' dir='ltr'>cognitionis</span> <span class='ocrx_word' id='word_1_52' title='bbox 1260 589 1529 633; x_wconf 83' lang='lat' dir='ltr'>Astronomiac</span> <span class='ocrx_word' id='word_1_53' title='bbox 1557 589 1654 630; x_wconf 85' lang='lat' dir='ltr'>haud</span> <span class='ocrx_word' id='word_1_54' title='bbox 1687 589 1773 630; x_wconf 82' lang='lat' dir='ltr'>vul-</span> 
     </span>
     <span class='ocr_line' id='line_1_8' title="bbox 453 650 1773 712; baseline -0.004 -13"><span class='ocrx_word' id='word_1_55' title='bbox 453 661 550 712; x_wconf 84' lang='lat' dir='ltr'>garis</span> <span class='ocrx_word' id='word_1_56' title='bbox 600 655 796 710; x_wconf 82' lang='lat' dir='ltr'>specimen</span> <span class='ocrx_word' id='word_1_57' title='bbox 855 653 926 693; x_wconf 88' lang='lat' dir='ltr'>hac</span> <span class='ocrx_word' id='word_1_58' title='bbox 977 650 1235 693; x_wconf 79' lang='lat' dir='ltr'>dissertatione</span> <span class='ocrx_word' id='word_1_59' title='bbox 1274 654 1423 706; x_wconf 88' lang='lat' dir='ltr'>edidit,</span> <span class='ocrx_word' id='word_1_60' title='bbox 1465 655 1551 696; x_wconf 90' lang='lat' dir='ltr'>talia</span> <span class='ocrx_word' id='word_1_61' title='bbox 1585 667 1676 708; x_wconf 85' lang='lat' dir='ltr'>quae</span> <span class='ocrx_word' id='word_1_62' title='bbox 1710 654 1773 695; x_wconf 87' lang='lat' dir='ltr'>hic</span> 
     </span>
     <span class='ocr_line' id='line_1_9' title="bbox 452 715 1772 777; baseline -0.003 -15"><span class='ocrx_word' id='word_1_63' title='bbox 452 720 636 777; x_wconf 88' lang='lat' dir='ltr'>proponit</span> <span class='ocrx_word' id='word_1_64' title='bbox 669 718 776 759; x_wconf 88' lang='lat' dir='ltr'>nullo</span> <span class='ocrx_word' id='word_1_65' title='bbox 809 717 847 756; x_wconf 90' lang='lat' dir='ltr'>in</span> <span class='ocrx_word' id='word_1_66' title='bbox 890 715 987 756; x_wconf 92' lang='lat' dir='ltr'>libro</span> <span class='ocrx_word' id='word_1_67' title='bbox 1028 717 1248 770; x_wconf 62' lang='lat' dir='ltr'>pertractata</span> <span class='ocrx_word' id='word_1_68' title='bbox 1290 716 1419 771; x_wconf 80' lang='lat' dir='ltr'>legiffe</span> <span class='ocrx_word' id='word_1_69' title='bbox 1443 754 1455 773; x_wconf 90' lang='lat'>,</span> <span class='ocrx_word' id='word_1_70' title='bbox 1505 720 1679 774; x_wconf 83' lang='lat' dir='ltr'>quamuis</span> <span class='ocrx_word' id='word_1_71' title='bbox 1718 717 1772 758; x_wconf 79' lang='lat' dir='ltr'>fa-</span> 
     </span>
     <span class='ocr_line' id='line_1_10' title="bbox 452 780 1773 837; baseline -0.002 -11"><span class='ocrx_word' id='word_1_72' title='bbox 452 785 527 826; x_wconf 90' lang='lat' dir='ltr'>cile</span> <span class='ocrx_word' id='word_1_73' title='bbox 578 783 755 837; x_wconf 85' lang='lat' dir='ltr'>largiatur</span> <span class='ocrx_word' id='word_1_74' title='bbox 802 780 965 821; x_wconf 86' lang='lat' dir='ltr'>modum</span> <span class='ocrx_word' id='word_1_75' title='bbox 1018 781 1134 822; x_wconf 81' lang='lat' dir='ltr'>talem</span> <span class='ocrx_word' id='word_1_76' title='bbox 1175 781 1393 823; x_wconf 85' lang='lat' dir='ltr'>obseruandi</span> <span class='ocrx_word' id='word_1_77' title='bbox 1445 784 1515 824; x_wconf 81' lang='lat' dir='ltr'>vni</span> <span class='ocrx_word' id='word_1_78' title='bbox 1558 783 1623 824; x_wconf 84' lang='lat' dir='ltr'>vel</span> <span class='ocrx_word' id='word_1_79' title='bbox 1666 783 1773 824; x_wconf 84' lang='lat' dir='ltr'>alteri</span> 
     </span>
     <span class='ocr_line' id='line_1_11' title="bbox 452 845 1772 900; baseline -0.003 -9"><span class='ocrx_word' id='word_1_80' title='bbox 452 849 783 891; x_wconf 81' lang='lat' dir='ltr'>Astronomorum</span> <span class='ocrx_word' id='word_1_81' title='bbox 828 846 1029 898; x_wconf 89' lang='lat' dir='ltr'>cognitum</span> <span class='ocrx_word' id='word_1_82' title='bbox 1069 879 1079 897; x_wconf 90' lang='lat'>‚</span> <span class='ocrx_word' id='word_1_83' title='bbox 1127 846 1174 885; x_wconf 85' lang='lat' dir='ltr'>ab</span> <span class='ocrx_word' id='word_1_84' title='bbox 1223 858 1346 900; x_wconf 87' lang='lat' dir='ltr'>eoque</span> <span class='ocrx_word' id='word_1_85' title='bbox 1394 845 1511 888; x_wconf 71' lang='lat' dir='ltr'>forsan</span> <span class='ocrx_word' id='word_1_86' title='bbox 1559 847 1772 888; x_wconf 85' lang='lat' dir='ltr'>adhibitum</span> 
     </span>
     <span class='ocr_line' id='line_1_12' title="bbox 454 909 1772 967; baseline -0.002 -13"><span class='ocrx_word' id='word_1_87' title='bbox 454 913 568 955; x_wconf 85' lang='lat' dir='ltr'>fuisse.</span> <span class='ocrx_word' id='word_1_88' title='bbox 636 911 796 951; x_wconf 78' lang='lat' dir='ltr'>Accedit</span> <span class='ocrx_word' id='word_1_89' title='bbox 837 909 940 963; x_wconf 89' lang='lat' dir='ltr'>quod</span> <span class='ocrx_word' id='word_1_90' title='bbox 975 921 1050 949; x_wconf 90' lang='lat' dir='ltr'>non</span> <span class='ocrx_word' id='word_1_91' title='bbox 1084 921 1220 949; x_wconf 86' lang='lat' dir='ltr'>ornnes</span> <span class='ocrx_word' id='word_1_92' title='bbox 1250 923 1367 964; x_wconf 86' lang='lat' dir='ltr'>aeque</span> <span class='ocrx_word' id='word_1_93' title='bbox 1401 915 1440 951; x_wconf 86' lang='lat' dir='ltr'>in</span> <span class='ocrx_word' id='word_1_94' title='bbox 1474 912 1591 967; x_wconf 86' lang='lat' dir='ltr'>Rostio</span> <span class='ocrx_word' id='word_1_95' title='bbox 1624 910 1772 966; x_wconf 84' lang='lat' dir='ltr'>(quam</span> 
     </span>
     <span class='ocr_line' id='line_1_13' title="bbox 455 970 1773 1028; baseline -0.003 -9"><span class='ocrx_word' id='word_1_96' title='bbox 455 978 516 1019; x_wconf 81' lang='lat' dir='ltr'>alii</span> <span class='ocrx_word' id='word_1_97' title='bbox 556 976 708 1028; x_wconf 78' lang='lat' dir='ltr'>culpant</span> <span class='ocrx_word' id='word_1_98' title='bbox 748 970 1043 1027; x_wconf 77' lang='lat' dir='ltr'>pnolixitatem)</span> <span class='ocrx_word' id='word_1_99' title='bbox 1090 973 1318 1024; x_wconf 79' lang='lat' dir='ltr'>vituperent.</span> <span class='ocrx_word' id='word_1_100' title='bbox 1386 974 1441 1013; x_wconf 94' lang='lat' dir='ltr'>Vt</span> <span class='ocrx_word' id='word_1_101' title='bbox 1472 976 1642 1015; x_wconf 86' lang='lat' dir='ltr'>breuibus</span> <span class='ocrx_word' id='word_1_102' title='bbox 1675 975 1773 1015; x_wconf 88' lang='lat' dir='ltr'>mul·</span> 
     </span>
     <span class='ocr_line' id='line_1_14' title="bbox 452 1034 1773 1092; baseline -0.003 -11"><span class='ocrx_word' id='word_1_103' title='bbox 452 1050 490 1081; x_wconf 85' lang='lat' dir='ltr'>ta</span> <span class='ocrx_word' id='word_1_104' title='bbox 539 1037 774 1092; x_wconf 67' lang='lat' dir='ltr'>complectar</span> <span class='ocrx_word' id='word_1_105' title='bbox 813 1034 875 1077; x_wconf 67' lang='grc' dir='ltr'>(ΣΙ.</span> <span class='ocrx_word' id='word_1_106' title='bbox 919 1035 1054 1075; x_wconf 66' lang='lat' dir='ltr'>doctus</span> <span class='ocrx_word' id='word_1_107' title='bbox 1096 1035 1246 1076; x_wconf 64' lang='lat' dir='ltr'>Auctor</span> <span class='ocrx_word' id='word_1_108' title='bbox 1288 1049 1364 1076; x_wconf 89' lang='lat' dir='ltr'>non</span> <span class='ocrx_word' id='word_1_109' title='bbox 1407 1037 1606 1078; x_wconf 83' lang='lat' dir='ltr'>laudandus</span> <span class='ocrx_word' id='word_1_110' title='bbox 1652 1037 1773 1077; x_wconf 86' lang='lat' dir='ltr'>solum</span> 
     </span>
     <span class='ocr_line' id='line_1_15' title="bbox 451 1097 1777 1153; baseline -0.006 -6"><span class='ocrx_word' id='word_1_111' title='bbox 451 1105 512 1147; x_wconf 80' lang='lat' dir='ltr'>sed</span> <span class='ocrx_word' id='word_1_112' title='bbox 545 1114 586 1144; x_wconf 88' lang='lat' dir='ltr'>et</span> <span class='ocrx_word' id='word_1_113' title='bbox 618 1100 869 1143; x_wconf 82' lang='lat' dir='ltr'>exhortandus</span> <span class='ocrx_word' id='word_1_114' title='bbox 909 1098 962 1138; x_wconf 86' lang='lat' dir='ltr'>est</span> <span class='ocrx_word' id='word_1_115' title='bbox 997 1108 1039 1138; x_wconf 80' lang='lat' dir='ltr'>vt</span> <span class='ocrx_word' id='word_1_116' title='bbox 1081 1097 1140 1138; x_wconf 85' lang='lat' dir='ltr'>sua</span> <span class='ocrx_word' id='word_1_117' title='bbox 1173 1111 1260 1139; x_wconf 88' lang='lat' dir='ltr'>cum</span> <span class='ocrx_word' id='word_1_118' title='bbox 1295 1100 1454 1153; x_wconf 88' lang='lat' dir='ltr'>publico</span> <span class='ocrx_word' id='word_1_119' title='bbox 1492 1101 1777 1140; x_wconf 85' lang='lat' dir='ltr'>communicare</span> 
     </span>
     <span class='ocr_line' id='line_1_16' title="bbox 451 1161 1776 1224; baseline -0.005 -15"><span class='ocrx_word' id='word_1_120' title='bbox 451 1178 586 1224; x_wconf 80' lang='lat' dir='ltr'>pergat</span> <span class='ocrx_word' id='word_1_121' title='bbox 636 1166 797 1219; x_wconf 78' lang='lat' dir='ltr'>cogitata</span> <span class='ocrx_word' id='word_1_122' title='bbox 820 1196 830 1215; x_wconf 90' lang='lat'>,</span> <span class='ocrx_word' id='word_1_123' title='bbox 871 1162 1049 1218; x_wconf 83' lang='lat' dir='ltr'>quoniam</span> <span class='ocrx_word' id='word_1_124' title='bbox 1092 1163 1131 1202; x_wconf 91' lang='lat' dir='ltr'>in</span> <span class='ocrx_word' id='word_1_125' title='bbox 1173 1176 1216 1203; x_wconf 84' lang='lat' dir='ltr'>ea</span> <span class='ocrx_word' id='word_1_126' title='bbox 1256 1161 1419 1203; x_wconf 78' lang='lat' dir='ltr'>verfiitur</span> <span class='ocrx_word' id='word_1_127' title='bbox 1456 1173 1579 1204; x_wconf 87' lang='lat' dir='ltr'>aetate</span> <span class='ocrx_word' id='word_1_128' title='bbox 1615 1163 1677 1202; x_wconf 64' lang='lat' dir='ltr'>xbi</span> <span class='ocrx_word' id='word_1_129' title='bbox 1710 1175 1776 1202; x_wconf 85' lang='lat' dir='ltr'>ve-</span> 
     </span>
     <span class='ocr_line' id='line_1_17' title="bbox 451 1226 1777 1283; baseline -0.005 -9"><span class='ocrx_word' id='word_1_130' title='bbox 451 1233 515 1273; x_wconf 83' lang='lat' dir='ltr'>nia</span> <span class='ocrx_word' id='word_1_131' title='bbox 554 1242 592 1272; x_wconf 92' lang='lat' dir='ltr'>et</span> <span class='ocrx_word' id='word_1_132' title='bbox 626 1231 706 1283; x_wconf 90' lang='lat' dir='ltr'>spes</span> <span class='ocrx_word' id='word_1_133' title='bbox 745 1228 798 1268; x_wconf 85' lang='lat' dir='ltr'>est</span> <span class='ocrx_word' id='word_1_134' title='bbox 837 1237 875 1268; x_wconf 86' lang='lat' dir='ltr'>ct</span> <span class='ocrx_word' id='word_1_135' title='bbox 915 1237 1064 1281; x_wconf 85' lang='lat' dir='ltr'>paratus</span> <span class='ocrx_word' id='word_1_136' title='bbox 1103 1227 1207 1268; x_wconf 84' lang='lat' dir='ltr'>fauor</span> <span class='ocrx_word' id='word_1_137' title='bbox 1225 1260 1236 1282; x_wconf 86' lang='lat'>‚</span> <span class='ocrx_word' id='word_1_138' title='bbox 1276 1237 1314 1268; x_wconf 92' lang='lat' dir='ltr'>et</span> <span class='ocrx_word' id='word_1_139' title='bbox 1347 1227 1481 1269; x_wconf 80' lang='lat' dir='ltr'>audere</span> <span class='ocrx_word' id='word_1_140' title='bbox 1512 1240 1589 1268; x_wconf 88' lang='lat' dir='ltr'>non</span> <span class='ocrx_word' id='word_1_141' title='bbox 1622 1226 1777 1267; x_wconf 84' lang='lat' dir='ltr'>dedecet</span> 
     </span>
     <span class='ocr_line' id='line_1_18' title="bbox 451 1292 911 1350; baseline -0.007 -12"><span class='ocrx_word' id='word_1_142' title='bbox 451 1295 608 1338; x_wconf 82' lang='lat' dir='ltr'>testante</span> <span class='ocrx_word' id='word_1_143' title='bbox 640 1292 911 1350; x_wconf 73' lang='lat' dir='ltr'>Qiinc&#39;tiliano.</span> 
     </span>
    </p>
   </div>
  </div>
 </body>
</html>
