1971 2700
538 216 557 245 1
567 217 625 255 24
775 199 1138 246 ATMOMETRI
1166 192 1572 244 oeNSTRVCTJO
1617 209 1691 246 eet.

536 317 802 359 minentiarum
835 318 927 359 vasis
957 313 1131 358 AABB
1157 348 1168 368 ‚
1203 316 1294 356 item
1329 314 1420 355 vasis
1454 314 1572 354 inanis
1591 312 1761 359 CEFD
1788 329 1849 359 ae-

535 382 685 437 qualem
716 381 785 422 effe
819 382 952 422 debere
985 380 1145 434 ponderi
1189 391 1332 433 aquae,
1386 391 1476 431 quae
1527 379 1631 419 idem
1684 380 1847 434 spacium

531 457 715 498 occupate
751 446 850 486 valet
870 478 880 497 ‚
912 445 1013 498 quod
1045 453 1205 498 occupat
1237 456 1322 498 pars
1364 443 1557 483 machinae
1608 455 1723 497 aquae
1746 444 1845 487 ·sub-

538 509 669 549 mersa.

655 570 699 627 2)
732 573 976 613 decremento
1007 583 1121 625 aquae
1154 570 1199 612 ad
1234 573 1540 625 euapomtioncm
1577 573 1614 612 in
1648 572 1729 612 vast:
1763 573 1851 614 ΛΑ

537 633 571 675 Β
590 633 624 675 Β
656 635 847 689 expositae
881 635 980 677 fusto
1001 667 1012 687 ,
1049 645 1170 676 totum
1206 644 1428 690 apparatum
1463 636 1592 676 cleuari
1627 637 1757 678 debere
1775 669 1786 689 ,
1811 646 1850 678 et

532 699 686 754 quidem
719 700 957 741 decrementa
990 699 1062 739 esse
1095 700 1133 739 in
1165 701 1308 740 ratione
1349 699 1618 750 altitudinum,
1663 713 1731 754 per
1765 712 1851 754 quas

535 763 700 804 eleuatur
719 764 894 804 machina
913 797 923 815 ,
942 773 1099 818 propter
1117 763 1240 818 virgas
1262 777 1292 817 g
1302 775 1333 816 g
1353 796 1364 816 ,
1397 763 1425 806 h
1442 763 1470 806 h
1489 797 1499 816 ‚
1518 767 1531 804 i
1549 767 1561 805 ι’
1579 765 1745 805 ciusdem
1765 763 1851 804 vbi-

535 838 610 880 que
640 825 806 868 sectionis
837 827 1011 869 normalis
1040 826 1086 866 ad
1119 829 1221 868 axin.

654 890 690 938 ὅ·
712 894 754 930 6.
790 890 859 932 His
891 891 1124 932 considentis
1154 901 1197 931 vt
1229 891 1275 932 ad
1307 893 1529 946 propiorem
1549 892 1747 934 machinae
1764 902 1854 933 con-

537 953 780 995 structionem
812 955 987 995 accedam
1009 985 1020 1005 ,
1053 953 1285 1007 supponam,

658 1015 697 1072 ι)
732 1016 1036 1059 Decrementum
1069 1017 1185 1057 trium
1221 1029 1425 1070 granorum
1458 1021 1529 1060 ess'e
1568 1019 1851 1061 obseruandum.

658 1081 702 1136 2)
735 1080 999 1123 Decremento
1034 1081 1146 1121 trium
1179 1092 1382 1134 granorum
1417 1080 1516 1123 facto
1535 1083 1752 1123 machinam
1778 1083 1853 1122 ele-

537 1154 665 1186 vatam
701 1145 774 1186 etse
808 1159 877 1199 per
909 1146 995 1186 duas
1027 1143 1138 1184 lineas
1173 1143 1297 1185 Lond.

655 1207 698 1264 3)
732 1210 878 1264 pondus
929 1219 1041 1262 aquae
1062 1240 1073 1259 ‚
1125 1220 1218 1260 quae
1275 1208 1437 1260 spacium
1471 1208 1562 1248 vafis
1612 1206 1783 1250 CEFD
1814 1218 1854 1251 et

535 1273 699 1327 partium
732 1275 927 1328 virgarum
959 1283 1072 1326 aquae
1108 1269 1370 1313 submerfirum
1404 1283 1588 1325 occupare
1638 1273 1736 1312 valet
1784 1271 1854 1313 esse

536 1349 608 1386 42.
645 1336 838 1378 librarum.

651 1405 699 1453 4)
732 1401 926 1442 Volumcn
960 1401 1067 1442 vnius
1099 1399 1203 1455 pedis
1230 1397 1351 1440 cubici
1383 1397 1508 1439 Lond.
1547 1410 1661 1452 aquae
1704 1397 1852 1438 obtine-

535 1474 575 1503 re
607 1466 753 1518 pondus
788 1464 861 1504 60.
895 1465 1090 1506 librarum.

657 1526 700 1583 5)
735 1528 892 1569 Libram
926 1541 1044 1570 vnam
1080 1527 1249 1568 constare
1281 1539 1332 1567 ex
1362 1531 1498 1576 7680.
1530 1526 1651 1579 granis
1682 1525 1783 1566 med.

650 1590 695 1643 6)
731 1593 982 1633 Altitudinem
1018 1590 1101 1633 CE
1134 1591 1202 1630 effe
1239 1603 1310 1640 24.
1343 1592 1448 1644 digit.
1484 1590 1607 1631 Lond.

657 1653 702 1707 7)
733 1656 894 1707 digitum
936 1656 1157 1709 quadratum
1210 1654 1370 1694 laminae
1422 1653 1628 1694 metallicae
1650 1686 1660 1705 ,
1692 1665 1744 1694 cx
1777 1665 1849 1709 qua

538 1729 601 1758 vas
634 1714 804 1759 CEFD
836 1729 875 1758 et
907 1717 1080 1760 AABB
1129 1717 1411 1770 constructum,
1460 1717 1532 1757 effe
1583 1721 1659 1757 60.
1711 1731 1849 1772 grano-

536 1790 633 1822 rum.

658 1845 699 1900 8)
735 1845 848 1887 Larus
879 1846 978 1887 fimdi
1008 1844 1174 1900 quadrati
1207 1843 1299 1885 vasis
1330 1842 1501 1886 ΑΑΒΒ
1532 1846 1604 1887 esse
1652 1856 1721 1885 12.
1755 1846 1849 1902 digit

535 1907 657 1950 Lond.
694 1919 730 1949 ct
761 1911 993 1951 altitudinem
1030 1909 1123 1949 vasis
1155 1911 1207 1954 σὲ
1238 1908 1340 1963 digit.

537 1973 608 2010 erit
655 1971 695 2025 1)
730 1973 918 2014 Volumcn
953 1972 1122 2014 CEFD
1158 1970 1424 2020 ¹2093'75m
1454 1966 1491 2000 ω

654 2034 696 2087 2)
730 2034 859 2075 Sestio
907 2036 1001 2075 vasis
1033 2031 1268 2075 CEFDad
1286 2036 1373 2075 axin
1392 2035 1566 2076 normalis
1602 2034 1837 2092 5040WQ

535 2096 664 2138 ferme.

649 2160 693 2213 3)
728 2157 926 2201 Diamctcr
957 2157 1031 2201 CF
1073 2164 1195 2204 801¹*
1222 2169 1321 2210 ψ.
1358 2174 1440 2204 arca
1489 2163 1600 2204 totius
1649 2163 1846 2220 superficiei

1755 2227 1847 2269 vafis
