1971 2700
516 227 543 265 3
556 226 611 266 ςο
851 211 932 255 DE
965 209 1178 255 BESTIIS
1213 205 1489 254 MARINIS.

517 329 638 372 multa
673 327 790 369 millia
823 329 859 368 in
895 328 1003 368 litore
1038 338 1109 366 vna
1145 315 1311 376 iamiar,
1353 323 1503 378 semper
1537 333 1670 364 tamen
1710 328 1747 369 in
1780 329 1831 370 fa-

517 395 642 435 milias
679 392 858 434 distributi
899 403 1032 444 greges
1071 400 1300 440 cernuntur,
1333 402 1415 429 nus
1447 389 1583 428 {cilicet
1633 400 1720 428 cum
1769 393 1834 434 suis

511 457 702 500 foemellis
734 455 820 495 filiis
852 464 891 494 et
924 454 1068 495 filiabus
1099 466 1169 494 vna
1203 455 1323 494 iacent
1356 465 1395 493 vt
1426 465 1463 493 et
1485 453 1553 493 filii
1573 453 1683 493 annui
1704 485 1714 504 ‚
1740 466 1834 495 non-

515 522 608 561 dum
642 530 879 572 gynaeceum
928 519 1069 572 adepti.
1138 518 1223 558 Vna
1258 518 1363 570 lacpe
1414 516 1553 557 familia
1586 518 1630 557 ad
1669 529 1768 556 120.
1801 517 1836 560 se

516 584 688 623 eXtendit
710 614 722 632 ‚
775 582 845 622 hac
879 583 1022 622 ratione
1055 582 1169 622 etiam
1208 581 1244 621 in
1277 582 1371 622 mari
1421 583 1641 623 cateruatim
1694 591 1837 623 natant.

517 646 670 688 Omnes
725 647 876 686 vxomti
936 646 1106 687 hucdum
1170 647 1292 699 vegeti
1342 646 1421 686 sunt
1442 677 1453 695 ‚
1508 644 1606 685 lenes
1658 657 1754 685 vero
1799 656 1840 687 et

515 711 666 752 veneris
719 711 900 751 militiam
942 710 1089 751 emeriti
1133 710 1194 751 vel
1245 711 1500 763 impotentia,
1554 710 1615 750 vel
1667 722 1834 751 vxorum

518 775 724 829 spontaneo
765 775 931 815 diuortio
970 774 1093 815 coacti
1114 806 1125 824 ,
1159 774 1407 814 monasticam
1464 775 1581 814 vitam
1616 785 1760 827 agunt,
1793 786 1839 814 ac

516 839 703 880 continuo
740 836 874 879 somno
907 851 948 878 ac
995 839 1116 879 inedia
1151 838 1366 891 transigunt.
1434 839 1484 878 Hi
1519 838 1697 878 omnium
1752 838 1838 891 pin-

513 902 676 957 guiffimi
695 902 775 942 fiint
795 912 970 955 tanquam
992 901 1149 954 hodaegi
1171 914 1339 955 primum
1376 912 1555 942 venerunt
1588 903 1724 955 absque
1757 902 1839 942 foe-

514 967 638 1008 mellis
672 965 822 1006 lolitarii
846 998 857 1015 ,
890 978 1025 1006 omnes
1059 978 1181 1005 mares
1223 975 1259 1004 et
1294 964 1448 1018 pessime
1484 967 1627 1006 olentes
1668 968 1706 1006 in
1741 965 1839 1007 hanc

512 1028 680 1071 insulam.
749 1029 801 1070 Hi
837 1028 936 1069 senes
967 1029 1112 1070 morosi
1146 1028 1361 1069 ferocillimi
1408 1030 1513 1082 iiiut,
1552 1043 1618 1083 per
1645 1031 1837 1083 integrum

514 1093 686 1134 mensem
731 1093 770 1133 in
803 1105 885 1132 vno
915 1092 1004 1133 loco
1055 1094 1190 1147 absque
1225 1092 1306 1133 vllo
1337 1092 1424 1133 cibo
1455 1103 1493 1133 et
1530 1104 1623 1147 potu
1671 1096 1839 1146 viuum,

512 1157 701 1196 continuo
733 1156 931 1195 dormiunt
963 1168 1005 1195 ac
1040 1158 1076 1194 in
1127 1166 1399 1209 praetereuntes
1439 1168 1576 1198 omnes
1614 1156 1842 1198 ferocissime

513 1218 676 1260 fiieuiunt
695 1251 706 1269 ,
741 1230 857 1272 vsque
891 1219 987 1257 adeo
1019 1219 1158 1258 feroces
1190 1231 1231 1258 ac
1264 1219 1452 1258 ambitiosi
1486 1220 1566 1259 sunt
1585 1252 1595 1270 ,
1629 1232 1668 1260 vt
1698 1221 1842 1262 centioe

514 1284 768 1331 morirentur,
803 1294 919 1335 quam
955 1281 1015 1322 suo
1046 1282 1135 1323 loco
1168 1283 1372 1333 cedereut;
1407 1281 1493 1322 hinc
1537 1282 1696 1323 homine
1746 1297 1835 1325 con-

512 1345 646 1400 specto
697 1345 853 1385 obuiam
905 1344 955 1384 illi
995 1355 1084 1385 eunt
1116 1358 1136 1385 a
1174 1346 1233 1384 via
1284 1345 1556 1397 prohibentes,
1606 1347 1837 1401 reliquorum

513 1410 667 1464 quisque
699 1407 803 1448 suum
839 1407 965 1448 locum
1022 1409 1162 1449 interea
1187 1417 1351 1460 occupat
1390 1418 1536 1461 paratus
1571 1410 1616 1448 ad
1654 1422 1836 1462 pugnam.

513 1473 602 1516 Nos
637 1482 835 1527 propterea
866 1471 1074 1514 necessitate
1105 1472 1229 1513 coac'ti
1265 1471 1368 1511 viam
1406 1471 1679 1526 prosequendi,
1719 1483 1839 1513 certa-

514 1539 618 1580 mina
637 1549 726 1577 cum
748 1537 881 1577 iisdem
903 1537 1080 1578 iniuimus
1097 1537 1256 1590 grandes
1273 1535 1411 1589 lapides
1430 1536 1468 1575 in
1487 1535 1567 1576 illos
1583 1536 1838 1588 coniecimus,

513 1602 565 1644 illi
602 1601 763 1641 veroin
798 1601 1015 1654 proiectum
1066 1601 1230 1654 lapidem
1279 1600 1382 1640 canis
1430 1599 1541 1640 instar
1592 1600 1836 1653 ueniebant,

513 1666 633 1707 acrius
666 1664 872 1716 instabant,
905 1678 945 1705 ac
980 1665 1172 1705 horrendo
1222 1664 1361 1704 barritu
1411 1666 1541 1703 a'e'rem
1597 1665 1838 1718 implebant,

512 1731 684 1785 primum
720 1729 818 1783 quod
852 1739 1078 1769 tentaremus
1107 1729 1195 1769 illud
1229 1738 1306 1768 emt
1328 1761 1338 1780 ‚
1382 1737 1422 1766 vt
1456 1730 1714 1781 prominentes
1748 1740 1838 1769 ocu-

512 1795 569 1835 los
601 1804 863 1834 exenteremus
882 1825 893 1844 ,
927 1794 1055 1832 dentes
1088 1793 1271 1847 hpidibus
1303 1791 1583 1845 fringercmus,
1620 1802 1660 1832 vt
1694 1802 1734 1832 vt
1754 1792 1838 1834 vul·

512 1868 660 1899 neratus
691 1866 730 1896 et
764 1868 990 1897 excoecatus
1021 1857 1074 1897 est
1095 1890 1104 1907 ‚
1142 1869 1218 1896 non
1251 1867 1379 1896 tamen
1412 1855 1475 1895 iiio
1508 1856 1598 1896 loco
1621 1856 1723 1896 cedit
1743 1889 1752 1906 ,
1775 1856 1837 1898 vel

512 1924 644 1963 cedere
679 1921 788 1960 audet
811 1952 824 1971 ,
857 1921 983 1974 quodsi
1019 1921 1119 1960 cedit
1154 1921 1215 1960 vel
1248 1922 1291 1961 ad
1313 1931 1428 1959 vnum
1457 1919 1597 1970 pamm
1619 1951 1629 1969 ,
1662 1930 1720 1959 tot
1740 1932 1835 1960 con-

513 1995 567 2025 tra
602 1986 707 2025 illum
743 1984 926 2037 affin-gunt
961 1984 1084 2024 hostes
1116 1997 1158 2024 ac
1189 1983 1396 2037 fugientem
1439 1984 1612 2022 dentibus
1663 1994 1831 2036 vrgcnt,

511 2059 558 2087 nc
597 2048 722 2085 locum
758 2051 861 2087 (uum
894 2047 1061 2096 deserat,
1096 2058 1137 2086 vt
1172 2046 1196 2086 si
1219 2047 1348 2085 nostris
1366 2045 1538 2084 manibus
1563 2047 1727 2088 hucdum
1748 2060 1832 2088 eua-

513 2111 595 2154 sctit
617 2141 626 2157 ,
662 2122 682 2148 a
715 2109 781 2147 suis
826 2110 1154 2149 commilitonibus
1187 2110 1410 2148 dilaceretur.
1479 2107 1584 2150 Dum
1625 2124 1715 2151 vero
1756 2122 1835 2152 vno

511 2183 668 2219 cedente
698 2173 824 2227 reliqui
857 2182 1073 2224 accurrunt,
1107 2185 1183 2226 quo
1202 2185 1223 2212 a
1243 2172 1325 2226 suga
1358 2171 1616 2227 prohibeant,
1651 2187 1745 2215 vuus
1777 2174 1832 2214 al·

1707 2247 1829 2278 terum
