1971 2700
410 193 489 239 DE
520 188 731 238 BESTIIS
761 188 1023 238 MARINIS.
1282 198 1368 241 383

70 313 200 353 dentes
219 341 230 362 ‚
263 307 397 360 lanugo
427 307 566 361 pariter
597 307 695 346 inter
726 305 912 359 longiores
951 303 1047 357 pilos
1076 299 1182 355 nigra
1202 333 1214 354 ‚
1253 304 1376 354 apices

73 385 197 415 autem
251 371 484 412 solummodo
521 378 583 410 aut
618 369 688 421 pili
718 369 812 409 vltra
862 368 1063 408 dimidium
1113 365 1210 418 nigri
1260 365 1340 405 sunt
1361 399 1373 418 ,

73 438 173 478 fundi
207 435 262 475 seu
294 434 431 474 radices
460 432 565 472 {erici
598 432 707 472 instar
737 431 953 481 candicant,
997 442 1041 470 ac
1073 429 1173 469 velut
1213 431 1376 482 argentei

73 501 174 540 sunt:
226 495 498 551 pretiosissimae
548 495 659 548 pelles
696 496 766 535 vix
796 507 874 534 non
915 495 954 534 in
985 492 1202 534 vniuersum
1251 494 1377 545 nigrae

76 563 183 614 sunt,
214 561 303 601 aliae
337 559 416 612 pilo
445 568 621 611 argenteo
652 557 909 599 candidiffimo
960 557 1172 611 splendente
1218 556 1258 594 in
1292 556 1379 595 vni-

76 623 222 666 versum
253 626 436 663 donantur
456 654 467 673 ,
500 634 633 661 verum
672 621 870 662 rariffimae
904 629 1112 661 occurrunt.
1171 618 1279 660 Licet
1312 618 1381 671 pili

76 690 240 729 colorem
272 686 388 726 tractu
420 686 603 738 temporis
637 694 783 725 mutent
800 716 811 735 ,
846 684 1011 724 multum
1045 692 1172 723 tamen
1214 679 1379 722 Zebelli-

78 754 132 792 uis
162 749 421 790 constantiores
450 747 526 788 sunt
544 779 555 799 ,
587 759 657 787 nec
687 759 855 800 vnquam
889 743 1105 786 Zebellinae
1154 746 1270 797 pelles
1301 755 1383 784 tam

79 812 222 854 intenso
251 812 374 852 natiuo
406 812 551 864 nigrore
584 810 781 863 splendent
811 822 854 850 ac
886 809 1055 848 lutrinae.
1126 807 1243 862 Quod
1285 806 1383 845 defi-

78 877 194 917 derari
226 875 366 928 potest,
399 874 556 914 Vnicum
591 872 665 913 hoc
691 873 743 912 est
763 906 773 925 ,
805 872 906 926 quod
938 873 1029 912 cutis
1062 871 1179 911 nimis
1196 866 1310 910 crassa
1344 876 1383 908 et

80 937 279 993 ponderoffi
297 938 338 978 sit
357 970 368 990 ‚
399 937 565 990 adeoque
582 936 745 977 delicatis
778 937 901 976 minus
931 935 1116 986 arrideat,
1150 933 1256 986 pellis
1281 931 1385 973 adul-

77 1011 138 1042 tae
194 1002 309 1041 lutrae
344 1010 389 1040 vt
430 1000 636 1053 plurimum
701 999 846 1046 gglibr.
901 998 1054 1051 pendet.
1136 997 1241 1037 Raro
1290 996 1385 1036 lutra

78 1064 304 1104 omnimode
336 1064 441 1115 nigra
472 1064 611 1114 capitur
631 1095 642 1114 ,
672 1061 841 1102 melioris
873 1070 985 1101 notae
1015 1060 1129 1100 lutrae
1164 1060 1286 1112 capita
1326 1060 1386 1099 in-

79 1139 170 1166 cana
201 1134 371 1177 argentea
391 1156 402 1176 ,
433 1125 585 1164 viliores
635 1125 754 1164 lutrae
795 1124 885 1162 fusca
928 1131 968 1160 et
999 1123 1129 1161 incana
1177 1121 1302 1173 capita
1343 1128 1383 1160 et

79 1190 192 1228 fuscos
223 1187 318 1238 pilos
351 1187 522 1224 obtinent
548 1216 559 1234 ‚
593 1185 716 1223 infimi
758 1184 894 1223 ordinis
925 1183 1034 1234 sunt,
1082 1194 1177 1236 quae
1226 1183 1387 1236 longiori

79 1250 158 1303 pilo
188 1255 314 1288 carent
345 1253 384 1285 et
423 1245 498 1285 sola
528 1245 622 1285 fusca
671 1245 844 1299 lanugine
894 1246 1071 1299 gaudent.
1154 1245 1223 1286 Est
1256 1255 1386 1286 autem

77 1325 134 1352 res
165 1323 253 1350 cum
286 1309 343 1349 his
374 1308 596 1349 animalibus
626 1309 679 1348 ita
712 1318 930 1361 comparata
952 1342 963 1361 ,
1004 1309 1253 1362 quorumdam
1304 1310 1385 1349 ani-

78 1373 231 1414 malium
267 1371 379 1424 pelles
411 1371 506 1411 rufos
537 1380 574 1411 et
607 1384 706 1413 raros
738 1372 926 1424 longiores
959 1373 1056 1426 pilos
1089 1376 1236 1425 semper
1251 1372 1355 1412 alunt
1375 1404 1387 1425 ,

77 1435 246 1476 animalia
265 1435 327 1474 illa
359 1434 434 1487 ipfii
468 1435 609 1486 stupida
629 1465 640 1484 ,
674 1435 782 1488 pigra
803 1465 813 1484 ‚
849 1435 959 1475 tristia
980 1468 991 1486 ‚
1023 1435 1259 1475 somnolenta
1275 1435 1353 1475 lunt
1374 1468 1386 1487 ,

81 1498 259 1538 continuo
290 1498 328 1536 in
360 1497 478 1549 glacie
511 1508 549 1537 et
580 1496 672 1537 laxis
703 1498 818 1550 sopita
849 1498 1002 1548 iacent,
1048 1497 1150 1538 lente
1183 1499 1356 1538 incedunt
1375 1531 1386 1550 ,

82 1573 122 1600 ac
155 1560 286 1612 absque
318 1560 392 1600 vlla
423 1560 594 1600 industria
627 1570 664 1599 et
695 1560 820 1601 astutia
851 1562 1070 1613 capiuntur,
1121 1561 1218 1613 quasi
1257 1560 1386 1601 scirent

84 1635 125 1662 ea
155 1623 204 1661 ob
238 1621 390 1675 pellium
423 1623 690 1675 ignobilitatem
723 1623 894 1664 caedibus
929 1624 1053 1663 minus
1085 1624 1253 1664 obnoxia
1284 1623 1388 1675 effe,

81 1685 211 1724 eadem
246 1694 368 1725 autem
401 1687 533 1726 caudas
564 1686 709 1739 semper
741 1685 1008 1739 pulcherrimas
1039 1687 1147 1740 nigro
1179 1686 1294 1740 longo
1327 1688 1391 1742 pi-

84 1748 123 1786 lo
156 1747 303 1786 vestitas
334 1747 469 1787 habent
489 1781 500 1798 ,
532 1762 554 1788 e
587 1762 664 1802 quo
686 1749 848 1789 conclusi
865 1750 1027 1802 duplicia
1051 1748 1107 1804 τ.)
1129 1750 1242 1803 pelles
1260 1751 1386 1803 pigro-

82 1822 166 1849 rum
198 1808 416 1848 animalium
448 1810 499 1848 ob
531 1810 568 1849 id
601 1811 799 1862 praecipue
831 1811 991 1851 breuiori
1023 1812 1263 1851 solummodo
1304 1814 1387 1866 pilo

83 1872 232 1921 donari,
250 1871 347 1924 quod
372 1871 557 1923 longiores
583 1872 735 1922 aestate,
764 1873 801 1912 in
827 1885 934 1913 arena
963 1873 995 1912 fia
1021 1875 1226 1914 volutantia
1257 1876 1386 1916 attritu

84 1935 253 1974 crebriori
283 1934 489 1984 eradicent,
517 1934 657 1984 hyeme
682 1945 807 1975 autem
835 1936 926 1976 dum
954 1937 1103 1977 madida
1126 1941 1164 1978 in
1189 1937 1308 1990 glacie
1333 1940 1388 1979 ia-

83 2007 188 2046 cent,
207 1996 270 2048 pili
291 1996 480 2048 longiores
494 1997 621 2049 glaciei
641 1998 894 2038 adhaerescunt
922 2008 961 2038 et
985 2000 1156 2042 abeundo
1181 2000 1388 2054 relinquun-

86 2070 164 2109 tur,
182 2059 278 2111 quod
295 2059 390 2098 meis
408 2059 522 2099 oculis
541 2060 631 2099 vidi.
658 2065 717 2108 2.)
736 2061 942 2113 Nigrorem
971 2063 1136 2116 pilorum
1163 2063 1210 2104 ab
1235 2068 1322 2104 ae're
1349 2075 1387 2105 et

83 2120 163 2162 solis
181 2122 283 2162 radiis
300 2120 491 2176 pallescere
510 2132 549 2163 et
567 2123 786 2167 debiliorem
805 2123 884 2166 fieri
896 2157 907 2178 ,
925 2125 976 2168 ob
994 2127 1031 2169 id
1049 2127 1186 2169 caudae
1195 2159 1208 2181 ,
1235 2130 1384 2180 corpori

1255 2200 1388 2233 iacenti
