1971 2700
476 113 738 159 'ECLIPSES
772 113 847 160 LV
846 113 1106 161 MINARIV
1104 110 1172 160 M.
1385 133 1471 172 42¹

156 229 364 272 describere
394 239 530 269 nouam
563 227 791 271 methodum
833 229 986 282 eclipses
1024 229 1289 271 Luminarium
1341 233 1468 274 obser-

158 295 269 335 vandi
292 325 304 346 ‚
335 305 402 346 qua
435 300 517 331 tam
543 291 671 344 phales
687 291 863 344 eclipseos
882 293 1071 347 Vtriusque
1089 292 1302 334 Luminaris
1320 326 1332 346 ,
1354 310 1467 349 quam

157 358 317 398 chordae
346 354 557 395 defectuum
591 364 628 394 et
658 354 856 407 positiones
887 368 1012 397 earum
1049 357 1094 396 ad
1126 356 1162 396 se
1180 358 1341 398 inuicem
1367 361 1468 401 diur-

157 433 295 474 nosque
326 418 585 459 Luminarium
617 430 854 473 quaecunque
887 421 1027 460 eodem
1061 432 1267 461 momento
1286 453 1296 473 ‚
1315 429 1361 462 ab
1382 424 1467 464 vni-

156 497 204 525 co
233 482 486 533 obstruatore,
519 481 653 535 absque
688 483 800 522 omni
835 481 898 523 vsu
935 483 1178 524 cochlearum
1212 495 1249 524 et
1267 486 1467 528 machinae

153 544 432 601 parallac‘ticae,
467 546 602 598 vbique
635 544 808 586 locorum
828 578 839 598 ‚
888 557 1056 587 accurate
1089 557 1127 587 et
1157 559 1342 601 prompte
1394 551 1468 590 ob-

153 610 278 650 seruari
303 607 570 662 mensur-atique
592 641 602 659 ,
636 618 675 648 et
706 610 888 662 quantitas
918 623 1046 651 earum
1083 611 1123 650 in
1144 614 1307 651 numeris
1326 613 1463 666 absque

150 674 226 713 vlla
255 672 482 713 correctione
515 671 816 713 obseruationum
839 704 850 722 ‚
888 674 924 712 in
961 675 1125 727 partibus
1156 686 1283 715 autem
1333 676 1464 718 circuli

151 735 338 788 maximi,
370 734 500 788 absque
534 735 789 776 obseruatione
824 735 1008 776 stellarum
1042 747 1080 777 et
1100 738 1379 778 mensuratione
1406 739 1464 778 'di—

152 800 299 840 stantiae
329 798 464 839 obiecti
498 800 538 839 in
572 800 712 838 Terrae
748 798 940 851 superficie
973 799 1130 853 praecise
1160 799 1288 840 haberi
1332 800 1462 841 simul-

149 876 220 917 que
251 863 349 904 locus
380 860 508 903 Lunae
542 862 708 916 respectu
740 862 964 915 Aequatoris
1007 876 1189 917 apparens
1236 876 1461 918 quocunque

148 935 320 980 tempore
349 927 607 980 deprehendi,
642 935 679 965 et
712 926 874 966 transitus
904 926 981 966 eius
1015 939 1084 980 per
1116 926 1234 967 stellas
1272 928 1456 969 obseruari

144 990 350 1030 commode
368 991 502 1044 potest.
541 990 595 1029 Ea
614 999 740 1029 autem
760 989 972 1043 sequentem
992 990 1029 1029 in
1048 990 1211 1030 modum
1230 989 1300 1029 sese
1326 989 1455 1030 habet.

261 1053 296 1100 §.
321 1066 357 1091 1.
393 1054 430 1094 E
470 1053 563 1092 tnbo
595 1054 803 1105 quadrantis
837 1052 1023 1105 portatilis
1039 1054 1283 1104 cuiuscunque
1309 1055 1457 1094 exima-

143 1122 202 1154 tur
240 1115 391 1155 annulus
422 1115 627 1157 metallicus
660 1117 699 1156 A
723 1113 757 1154 C
776 1115 812 1156 E
833 1115 884 1155 H.
919 1115 983 1167 qui
1015 1115 1054 1153 in
1088 1114 1174 1153 foco
1205 1115 1284 1152 tubi
1317 1116 1456 1166 positus
1468 1133 1653 1168 121&va

143 1176 292 1230 capillos
331 1176 501 1215 extensos
531 1174 718 1216 ordinarie
750 1177 843 1227 gerit
862 1207 872 1227 ‚
917 1175 1207 1229 periferiamque
1248 1176 1373 1217 circuli
1416 1180 1455 1222 in
1507 1176 1565 1212 ¹²³3·
1586 1178 1611 1207 ¹·

142 1240 306 1292 margine
352 1237 414 1278 fiio
445 1236 621 1278 interiore
654 1237 756 1278 ducti
808 1241 848 1279 in
882 1238 975 1278 osto
1011 1249 1130 1292 partes
1160 1239 1326 1292 aequales
1359 1254 1454 1296 pun-

137 1301 207 1341 etis
246 1304 318 1350 A,
353 1297 418 1352 B,
452 1300 519 1352 C,
552 1299 624 1352 D,
660 1301 728 1352 E,
762 1301 824 1353 F,
860 1298 929 1353 G,
963 1301 1033 1353 H,
1067 1300 1217 1343 diuisam
1250 1302 1455 1357 habet‚et

137 1377 206 1418 per
225 1365 360 1416 puncta
394 1365 614 1405 diiiifionum
635 1363 675 1403 A
707 1372 746 1404 et
777 1365 813 1405 E
833 1397 844 1416 ,
874 1362 909 1405 C
939 1374 978 1404 et
1010 1358 1050 1406 G
1070 1398 1081 1418 ‚
1114 1366 1357 1407 extendantur
1375 1369 1453 1410 duo

136 1426 259 1480 capilli
296 1426 496 1468 tenuissimi
549 1429 588 1468 A
610 1427 647 1468 Ε
687 1437 726 1467 et
759 1423 851 1467 CG
873 1461 883 1479 ‚
917 1428 982 1482 qui
1033 1430 1081 1469 ad
1129 1430 1282 1484 angulos
1329 1432 1452 1473 redtos

133 1487 204 1530 sest:
254 1491 289 1530 in
331 1501 460 1531 centro
512 1490 592 1532 tubi
625 1504 661 1531 m
695 1490 972 1532 intersecabunt.
1039 1489 1138 1533 Item
1187 1507 1254 1546 pet
1306 1497 1448 1548 puncta

133 1549 169 1592 B
207 1564 244 1594 ct
276 1551 319 1593 D
339 1585 349 1604 ‚
383 1553 421 1593 H
453 1563 491 1594 et
524 1555 554 1594 F
574 1586 585 1605 ,
626 1555 872 1595 extendantur
919 1553 1056 1595 similes
1105 1556 1227 1609 capilli
1278 1555 1374 1598 BD
1409 1568 1448 1600 et

132 1615 171 1656 H
193 1617 221 1656 F
241 1649 251 1667 ,
291 1626 328 1656 et
362 1627 468 1657 erunt
500 1616 539 1657 lii
573 1618 619 1657 ad
653 1617 830 1671 capillum
864 1618 902 1658 A
925 1618 960 1659 E
981 1650 991 1669 ,
1023 1628 1062 1658 et
1094 1620 1223 1659 interse
1263 1622 1442 1674 paralleli,

133 1675 281 1718 Deinde
306 1680 470 1720 distantia
496 1678 716 1734 capillorum
735 1681 775 1720 A
795 1682 831 1721 E
850 1691 887 1721 et
906 1680 939 1722 B
956 1680 998 1722 D
1017 1681 1200 1723 diuidatur
1227 1684 1266 1723 in
1287 1695 1443 1738 quatuor

136 1751 258 1794 partes
275 1741 319 1779 ad
337 1741 477 1780 sensum
496 1741 662 1794 aequales
681 1775 693 1794 ,
727 1745 884 1784 extensis
902 1747 939 1785 in
959 1745 1089 1786 eadem
1119 1747 1232 1787 tribus
1272 1749 1411 1801 capillis
1431 1782 1441 1802 ,

136 1811 224 1857 op,
258 1814 352 1856 qr,
386 1810 468 1853 st,
502 1805 599 1844 inter
629 1804 663 1844 se
692 1814 729 1844 et
761 1806 804 1845 ad
837 1807 990 1859 capillos
1026 1808 1141 1858 ΑΕ,
1177 1807 1443 1865 BD‚HF‚

137 1866 266 1906 exacte
284 1863 474 1918 parallelis,
493 1865 615 1908 Simili
635 1869 754 1908 modo
773 1869 953 1910 diuidatur
988 1871 1150 1911 distantia
1187 1873 1409 1926 capillorum
1432 1908 1444 1927 ,

137 1928 221 1970 AE
253 1941 289 1968 et
322 1926 397 1970 HF
433 1930 547 1970 etiam
580 1932 619 1971 in
661 1941 796 1985 quator
827 1944 948 1986 partes
968 1934 1172 1987 itidemque
1207 1936 1338 1977 interse
1362 1968 1373 1986 ‚
1404 1947 1445 1978 et

135 1993 312 2048 prioribus
358 1994 403 2033 ad
445 1992 584 2034 sensum
625 1995 826 2049 acqiialeS,
879 1993 999 2037 duc'tis
1046 1997 1187 2051 capillis
1233 1998 1250 2039 l
1262 2001 1307 2049 i,
1341 2012 1442 2054 uv,

136 2066 174 2097 et
213 2068 297 2108 xy,
327 2056 421 2099 inter
453 2056 486 2098 se
518 2067 556 2101 et
596 2058 640 2101 ad
674 2057 836 2112 reliquos
869 2060 1065 2117 parallelis,
1097 2061 1318 2118 annulusque
1350 2076 1438 2104 cum

693 2118 731 2164 G
761 2134 786 2177 g
818 2136 843 2178 g
878 2137 900 2177 a
1300 2127 1442 2183 capillis
