1971 2700
486 194 545 233 ⁶⁸
862 187 1096 241 ·>0‘<³·‘.{}'.03⁴·⁰
1126 197 1154 228 0
1196 185 1422 238 »btssffs-sso·

648 297 761 359 DE
803 297 1153 359 NVMERIS
1195 292 1640 356 PERFECTIS.

1049 391 1244 422 AVCTOIOE

908 447 958 492 C.
992 449 1048 490 N.
1083 448 1127 490 de
1161 446 1393 491 lVinshcim.

1099 546 1134 594 ξ.
1174 558 1211 586 1.

494 615 641 730 Qui
674 636 851 666 numeros
883 622 1072 679 perfectos
1102 624 1167 664 vel
1200 623 1269 678 ipsi
1319 623 1479 665 inuenire
1501 654 1513 676 ‚
1548 633 1609 666 aut
1658 625 1706 667 ab
1736 625 1820 668 aliis

636 690 712 730 iam
746 691 917 729 inuentos
957 689 1129 729 examini
1179 687 1356 728 subiicere
1409 688 1602 742 gestiunt,
1653 691 1678 731 ii
1729 700 1817 731 ante

493 753 624 794 omnia
657 754 776 807 probe
812 752 1003 808 perspee'ta
1038 752 1176 794 habere
1217 752 1355 793 debent
1376 783 1388 803 ‚
1423 754 1509 806 quid
1545 766 1612 807 per
1651 766 1815 796 numeros

486 818 629 872 prims
649 850 659 869 ,
689 817 894 874 perset‘los,
930 817 1155 859 abundantes
1186 826 1249 858 aut
1283 817 1474 858 diminutos
1508 817 1714 872 intelligant
1733 831 1818 859 ma-

494 880 692 921 them-..tici
713 914 723 933 ,
758 882 996 935 modumque
1028 881 1077 921 ab
1109 882 1152 922 iis
1184 881 1450 936 praescriptum
1474 913 1484 931 ,
1520 882 1710 924 mediante
1741 894 1818 937 quo

490 946 639 987 numeri
673 946 950 986 determinandi
984 944 1063 986 sunt
1097 945 1252 998 perfecti
1272 979 1283 998 ‚
1318 945 1407 987 scire
1441 957 1626 987 tenentur.

642 1009 677 1058 §.
704 1022 744 1050 2.
779 1010 974 1051 Numerus
1020 1009 1166 1064 primus
1217 1020 1283 1062 per
1339 1021 1407 1047 11.
1462 1009 1536 1049 def.
1589 1024 1691 1050 vn.
1731 1010 1784 1051 est
1805 1040 1817 1063 ,

492 1085 605 1128 quem
640 1072 716 1114 sola
748 1075 866 1114 vnitas
897 1073 1079 1124 metitur,
1125 1082 1255 1113 contm
1295 1071 1530 1125 distinguitur
1573 1072 1819 1127 composito,

493 1149 604 1190 quem
649 1146 791 1190 pmeter
825 1137 1012 1177 vnit-atem
1046 1137 1329 1176 aliusnumerus
1347 1137 1511 1175 metitur.

646 1201 796 1242 Exinde
832 1199 989 1254 sequitur
1009 1233 1019 1251 ,
1052 1199 1077 1241 si
1114 1212 1288 1241 numerus
1321 1199 1475 1253 quidam
1509 1199 1634 1253 impar
1655 1231 1666 1249 ‚
1712 1199 1821 1255 speci-

497 1277 559 1306 em
596 1265 711 1319 primi
747 1267 949 1305 mentiatur
981 1275 1043 1304 aut
1078 1278 1151 1319 pro
1185 1264 1248 1304 tali
1284 1263 1426 1304 habitus
1460 1262 1504 1304 sit
1535 1263 1583 1303 ab
1614 1263 1690 1304 aliis
1710 1297 1721 1316 ‚
1755 1264 1824 1305 sta-

495 1329 569 1369 tim
605 1329 735 1369 ccffire
769 1329 841 1369 esse
873 1330 1040 1383 primum
1064 1362 1075 1380 ,
1111 1328 1259 1369 simulac
1296 1327 1513 1367 demostrari
1557 1327 1676 1380 potest
1716 1327 1825 1368 illum

493 1405 562 1446 per
581 1392 696 1433 alium
717 1405 995 1447 quemcumque
1022 1405 1223 1433 numerum
1245 1393 1434 1446 imparem
1455 1424 1466 1442 ,
1496 1390 1566 1431 esse
1585 1390 1821 1432 diuisibilem.

614 1457 647 1504 §.
671 1467 711 1504 3.
751 1456 946 1498 Numerus
974 1455 1162 1514 persec‘lus
1204 1468 1271 1510 per
1326 1468 1397 1495 22.
1432 1454 1504 1496 def]
1544 1468 1645 1496 v11.
1676 1455 1729 1496 est
1761 1455 1824 1509 qui

496 1518 563 1560 suis
596 1520 708 1572 ipsius
741 1521 904 1574 partibus
937 1521 989 1560 est
1023 1521 1186 1575 aequalis.

616 1582 795 1635 Scilicet,
833 1585 887 1624 illi
920 1586 1099 1636 numeri,
1133 1596 1295 1638 quorum
1339 1583 1515 1625 diuisores
1557 1592 1679 1639 partes
1732 1583 1821 1625 scili-

500 1655 559 1686 cet
592 1647 778 1699 aliquotae
800 1680 810 1699 ‚
863 1660 997 1686 omncs
1049 1646 1166 1701 (haud
1204 1648 1373 1701 neglecta
1419 1649 1562 1688 vnitatc
1584 1685 1593 1700 ,
1655 1660 1747 1702 quac
1786 1657 1824 1687 et

500 1709 561 1750 hic
598 1712 634 1749 in
669 1722 895 1764 computum
929 1711 1057 1765 veuit)
1093 1712 1156 1752 sibi
1190 1712 1354 1753 inuicem
1399 1712 1543 1765 additi,
1597 1724 1660 1752 eos
1693 1711 1826 1753 exaite

501 1772 691 1813 restituunt
715 1807 724 1824 ,
774 1775 927 1828 perfecti
981 1776 1242 1829 appellantur,
1294 1777 1417 1830 quales
1449 1776 1527 1817 sunt
1562 1789 1598 1815 v.
1635 1788 1671 1815 c.
1710 1777 1753 1814 6.
1790 1784 1828 1815 et

501 1844 572 1879 28·
607 1838 748 1893 quippe
766 1853 926 1893 quorum
945 1851 1070 1896 partes
1087 1840 1270 1896 aliquotae
1290 1840 1399 1882 huius
1438 1853 1455 1878 1
1502 1849 1541 1880 et
1575 1839 1669 1881 illius
1708 1851 1726 1876 1
1765 1849 1829 1877 cos

1434 1916 1459 1942 2
1704 1912 1728 1939 2

1429 1979 1459 2016 4
1704 1978 1729 2014 3

1433 2071 1459 2110 7
1699 2037 1736 2098 ξ

1405 2139 1420 2164 1
1433 2141 1462 2176 4

506 2223 643 2264 iterum
679 2220 885 2276 producimt
1397 2199 1461 2265 2—ss

1714 2286 1749 2336 ς.
1783 2302 1825 2338 4.
