1971 2700
1083 220 1242 279 (¹2)

593 340 664 384 nis
696 339 855 397 perastis
882 341 1044 384 naturali
1067 343 1130 382 via
1159 343 1198 382 in
1221 339 1505 395 inquisitionem
1527 341 1812 394 euaporationis

495 417 550 448 ex
568 420 662 462 aqua
687 406 868 462 frigidiori
887 410 978 449 ae're
996 407 1141 448 delatus
1157 418 1227 460 per
1244 406 1339 446 duos
1355 405 1502 446 menies
1521 439 1531 458 ‚
1557 404 1730 459 repetitis
1738 406 1813 446 sae-

492 472 577 526 pius
603 472 923 513 obseruationibus
942 503 954 520 ‚
992 471 1151 511 edoctus
1172 469 1224 510 est

609 536 643 575 Ῐ.
673 535 900 573 Differentia
919 546 1056 586 magna
1082 533 1267 574 existente
1285 534 1384 574 inter
1410 534 1643 588 temperiem
1666 532 1760 573 a'e‘ris
1777 539 1819 573 et
1862 549 1864 551 ·

493 608 611 650 aquae
651 597 779 647 colligi
799 607 960 649 vapores
983 607 1022 635 et
1049 596 1193 636 nullam
1221 599 1540 649 euaporationeui
1559 610 1749 649 apparere.
1779 608 1816 637 e.

493 673 531 713 g.
577 658 618 699 Si
651 661 858 710 temperies
891 661 984 699 a'e'ris
1001 660 1099 699 inter
1124 663 1195 699 60.
1215 660 1408 709 et70'⁷²²‘’⁷²
1442 660 1600 712 gnidum
1627 659 1819 713 subsistat,

493 723 624 774 colligi
675 733 871 774 vapore5‚
916 723 943 763 fi
978 722 1193 764 differentia
1235 725 1333 765 inter
1375 725 1604 778 temperiem
1645 725 1741 764 aeris
1781 732 1822 764 et

494 797 613 840 aquae
645 784 790 838 superet
830 798 878 835 15
917 788 1052 840 gradus
1071 821 1082 838 ,
1114 799 1153 828 et
1180 788 1208 829 fi
1240 790 1448 843 temperies
1487 789 1589 828 ae'ris
1623 789 1723 828 inter
1758 797 1816 837 75

495 860 534 891 et
568 851 702 897 87”¹¹⁴''¹
734 850 893 902 gradum
939 851 1126 904 liibsistat,
1168 852 1298 906 colligi
1349 864 1544 907 vapores,
1585 852 1612 893 fi
1645 851 1824 893 differen-

497 912 550 955 tia
593 916 692 956 inter
733 916 963 969 temperiem
998 917 1095 957 a'e'ris
1127 927 1168 958 et
1202 929 1319 971 aquae
1356 918 1504 974 superet
1541 930 1610 958 20.
1645 929 1703 970 gr.

559 977 618 1021 11.
691 978 784 1034 Quo
818 981 943 1019 maior
976 981 1030 1022 est
1062 981 1165 1020 calor
1206 982 1299 1020 aeris

619 1057 656 1082 1.
694 1042 758 1083 Eo
791 1043 1016 1083 calidiorem
1058 1043 1165 1082 reddi
1207 1042 1344 1081 debere
1383 1054 1519 1096 aquam
1541 1076 1551 1095 ,
1589 1044 1713 1084 donec
1745 1043 1826 1084 col-

497 1107 617 1148 lectio
659 1118 851 1161 vaporum
893 1119 973 1147 non
1017 1105 1235 1146 obstruetur
1273 1105 1435 1160 amplius
1455 1138 1466 1158 ,
1508 1105 1568 1146 sed
1600 1107 1828 1160 euaporatio

499 1171 634 1213 bium.

622 1251 663 1278 2.
732 1237 794 1280 Eo
829 1238 1036 1293 largiorem
1080 1239 1165 1280 fieri
1200 1240 1528 1293 euaporationcm.

565 1300 640 1342 111.
709 1302 829 1343 Initio
870 1305 1185 1359 euaporationem
1225 1302 1303 1344 effe
1345 1304 1537 1344 minorem
1559 1332 1571 1353 ,
1613 1299 1748 1340 deinde
1766 1309 1830 1339 au-

499 1367 612 1418 geri,
646 1367 797 1408 tandem
841 1369 979 1409 iterum
1022 1370 1158 1410 minui.
1227 1368 1332 1408 Haec
1368 1367 1544 1422 inprimis
1576 1378 1642 1418 per
1675 1365 1741 1404 sex
1759 1375 1830 1403 ex-

500 1432 721 1480 perimenta
771 1431 1003 1473 confirmata
1046 1433 1155 1485 sunt,
1199 1444 1362 1486 quorum
1401 1449 1438 1474 1.
1479 1430 1624 1471 dimuit
1672 1440 1742 1482 per
1784 1439 1829 1477 9.

502 1489 616 1530 horas
657 1500 695 1528 et
733 1502 787 1529 20
827 1503 882 1530 m.
920 1505 981 1545 p2,
1024 1496 1190 1531 alierum
1230 1508 1300 1544 por
1339 1508 1409 1536 το,
1445 1496 1558 1532 horris
1603 1502 1641 1530 et
1680 1503 1732 1540 52
1772 1503 1829 1531 m.

503 1566 563 1607 pr.
597 1554 752 1592 tertium
789 1566 858 1607 per
894 1568 965 1605 ¹3·
999 1554 1149 1608 horas3
1183 1563 1360 1607 quartum
1402 1565 1473 1606 per
1506 1566 1549 1602 9.
1586 1552 1699 1594 horas
1732 1564 1771 1593 et
1791 1558 1832 1606 {3

504 1617 679 1671 quintum
737 1629 808 1670 per
852 1632 894 1668 4.
938 1618 1052 1658 honis
1095 1628 1135 1657 et
1180 1628 1253 1667 45.
1298 1629 1354 1656 m.
1399 1630 1462 1669 ρ’,
1504 1617 1650 1658 sextum
1684 1630 1755 1671 per
1790 1627 1835 1665 3.

505 1679 617 1722 horas
648 1690 687 1721 et
723 1695 793 1732 34.
829 1694 885 1721 m.
923 1696 980 1736 pr.
1015 1679 1214 1722 Continuo
1253 1681 1371 1720 ferme
1408 1679 1531 1720 adesse
1573 1681 1702 1721 debuit
1736 1680 1835 1720 mas-

505 1743 562 1786 sae
595 1746 860 1799 euaporandae
896 1759 944 1786 ne
979 1746 1171 1797 aniculae,
1206 1744 1426 1799 praefertim
1461 1744 1711 1793 hirundines,
1745 1757 1833 1796 qua-

507 1821 591 1848 rum
626 1811 798 1850 vicinitas
829 1810 1040 1850 admodum
1074 1808 1234 1850 molesta
1267 1808 1335 1849 fuit
1357 1841 1368 1860 ,
1403 1809 1543 1861 aliquid
1569 1818 1684 1860 aquae
1701 1805 1837 1848 auffer-

507 1882 591 1913 rent
628 1882 667 1911 ct
701 1873 750 1912 fic
784 1875 1111 1927 experimentanti
1147 1872 1357 1912 illuderent.

570 1934 643 1975 IV.
712 1935 758 1974 ln
793 1939 958 1977 rationes
1004 1937 1366 1987 phaenomenorum
1410 1931 1610 1985 inquifiuit.

575 1998 628 2039 V.
693 1998 758 2039 Ex
793 1997 1073 2051 experimentis
1105 1995 1335 2036 const-staria
1368 1996 1534 2048 aliquem
1568 1994 1731 2036 vsurnin
1749 2007 1835 2037 me-

509 2062 724 2116 teorologia
760 2062 937 2102 habentia
979 2060 1153 2100 deduxit.

607 2127 810 2170 Nimirum
853 2140 888 2165 1.
924 2124 963 2165 Si
1000 2125 1203 2177 temperies
1226 2125 1320 2164 :i'e’ris
1350 2122 1424 2164 sole
1451 2123 1554 2177 supra
1587 2123 1834 2166 horizontem

511 2202 690 2235 morante
728 2195 803 2244 65.
845 2191 1031 2247 graduum
1071 2189 1221 2232 circiter
1253 2189 1308 2231 cst
1327 2223 1339 2242 ,
1373 2187 1413 2230 et
1444 2200 1561 2244 aquae.
1600 2190 1642 2230 in
1674 2189 1832 2243 superfi-

1777 2264 1836 2293 cie
