1971 2700
505 210 593 239 102
627 193 712 240 DE
732 189 960 240 NVMER.
981 188 1430 242 AMICABILIBVS‚
1448 184 1652 253 ATQVE
1671 190 1826 240 ALIIS

500 312 708 367 allegantur
738 309 806 351 soli
842 320 928 349 220
962 318 1001 349 et
1034 314 1156 362 2⁸43
1185 306 1396 360 diciturque
1428 305 1519 348 haec
1537 307 1745 362 proprietas
1768 320 1825 352 ra-

504 389 546 419 ra
596 386 635 416 ct
666 374 829 416 difficilis
859 375 1011 415 inuentu
1044 374 1082 413 in
1114 372 1194 413 aliis
1226 373 1402 412 numeris.

622 441 658 489 ξ.
683 452 724 480 2.
761 437 978 481 ,Nouissime
1036 447 1131 476 vero
1206 432 1394 476 Celeberr.
1453 433 1610 477 Eulerus
1684 434 1819 478 huma-

504 504 662 545 nissimis
709 512 751 542 et
801 502 911 555 plane
957 499 1211 541 amicabilibus
1249 500 1378 541 litteris
1410 512 1473 540 me
1514 500 1693 551 edocuit,
1726 500 1826 542 mul-

504 578 546 609 to
580 567 685 621 plura
720 576 968 606 numerorum
1002 563 1263 605 amicabilium
1295 562 1329 604 se
1363 561 1541 605 inueniss‘c
1582 564 1718 618 paria3
1752 564 1828 605 im-

506 644 579 673 mo
611 630 754 685 aliquot
783 630 898 670 etiam
920 661 931 681 ‚
965 640 1059 683 quae
1090 629 1254 669 numeris
1283 629 1531 683 exprimenda
1573 627 1645 669 fiut
1676 627 1833 682 impari-

506 696 574 737 bus
593 728 604 747 ,
635 707 725 736 cum
761 693 1046 747 praecedentia,
1079 706 1099 734 a
1119 690 1332 734 Schootem'o
1366 703 1511 747 reperta
1531 726 1541 746 ‚
1573 692 1828 733 contineantur

509 760 641 800 omnia
675 757 837 798 numeris
871 757 1029 812 paribus.
1095 756 1291 798 Excitatus
1325 756 1446 811 itaque
1479 757 1553 798 hoc
1588 757 1744 796 inuento
1761 755 1829 796 Vi-

505 824 537 864 ri
571 821 873 876 incomparabilis
892 854 902 873 ,
934 822 1025 873 cui,
1060 821 1234 875 quicquid
1257 819 1387 862 Mufiie
1409 853 1419 873 ‚
1460 819 1669 862 matheseos
1704 818 1836 874 praesi-

507 887 574 929 des
593 920 603 939 ,
637 886 802 927 reuelare
833 885 1002 926 humano
1033 885 1179 939 pofl'unt
1213 886 1389 940 ingenio,
1422 886 1489 926 vix
1524 897 1690 939 vnquam
1723 884 1836 925 dene-

508 961 624 1005 gant,
664 951 764 990 vires
812 961 921 989 meas
969 948 1230 1002 qualescunque
1262 951 1300 989 in
1332 949 1407 990 hoc
1439 950 1679 1003 problemate
1715 959 1835 1002 expe·

510 1014 574 1056 riri
616 1013 722 1053 volui
744 1045 755 1064 ,
809 1012 971 1066 illudque
1012 1012 1212 1051 extendere
1256 1011 1352 1052 vltra
1386 1015 1571 1065 potentias
1621 1013 1783 1061 binarii,
1816 1023 1839 1051 a

510 1075 679 1133 Cartcfio
729 1076 797 1131 ipsi
828 1074 1078 1130 praescriptas.
1145 1074 1387 1128 Propositum
1439 1075 1553 1127 igitur
1606 1076 1706 1116 mihi
1754 1075 1807 1115 est
1827 1106 1838 1126 ,

509 1141 702 1182 ostendere
731 1140 890 1180 caussam
912 1172 922 1190 ‚
954 1152 1018 1178 cui·
1051 1135 1246 1193 Cartcfius
1266 1169 1277 1188 ,
1310 1149 1419 1192 atque
1452 1139 1535 1191 post
1568 1138 1668 1179 hunc
1703 1137 1841 1180 Schoe-

509 1207 624 1247 tenius
646 1238 656 1256 ,
691 1203 921 1244 methodum
956 1202 1063 1242 huius
1095 1201 1342 1255 problematis
1382 1200 1588 1242 resoluendi
1628 1203 1676 1241 ad
1708 1213 1843 1255 poten-

512 1270 581 1310 tias
614 1268 746 1310 binarii
779 1267 1066 1319 restrinxerintz,
1100 1265 1226 1319 postea
1260 1277 1357 1305 vero
1388 1276 1583 1318 exponere
1601 1265 1731 1318 ,quod
1750 1277 1839 1319 pro-

511 1333 639 1374 blema
674 1332 780 1372 huius
813 1329 1058 1372 restrictionis
1089 1341 1167 1370 non
1200 1337 1308 1382 egeat
1327 1361 1338 1380 ,
1371 1327 1433 1369 scd
1465 1328 1513 1368 ad
1556 1327 1702 1368 multos
1750 1328 1845 1368 alios

512 1409 696 1438 numeros
727 1396 881 1436 extendi
923 1393 957 1434 se
990 1394 1151 1447 patiatur
1169 1425 1180 1444 ‚
1219 1405 1269 1432 ex
1303 1405 1379 1446 quo
1409 1391 1532 1446 plures
1582 1391 1647 1432 alii
1696 1392 1844 1432 numeri

511 1460 730 1501 amicabiles
760 1460 957 1510 orientur,
991 1457 1178 1498 methodo
1209 1458 1420 1513 car·tqfiana
1454 1468 1531 1496 non
1565 1455 1790 1496 inueniendi.

630 1525 665 1573 ξ.
691 1535 731 1572 3.
769 1523 964 1579 Quoniam
999 1533 1095 1562 vero
1127 1531 1229 1562 totus
1277 1521 1338 1562 hic
1381 1519 1551 1562 discursus
1601 1518 1845 1560 instituendus

512 1588 564 1629 cst
604 1588 652 1628 de
695 1588 858 1641 partibus
907 1585 1079 1639 aliquotis
1129 1586 1277 1626 numeri
1327 1585 1569 1637 cuiuscunque
1619 1594 1655 1624 et
1711 1595 1844 1624 earum

513 1650 691 1692 summa:
727 1650 922 1704 praemitti
956 1649 1066 1689 debet
1099 1648 1299 1689 methodus
1331 1647 1510 1701 generalis
1560 1649 1724 1701 partium
1775 1646 1844 1688 ha-

513 1729 600 1757 rum
635 1714 822 1755 summam
859 1714 896 1753 in
930 1712 1098 1766 quolibet
1150 1711 1230 1753 casu
1280 1712 1539 1765 exprimendi.
1604 1711 1747 1752 Pendet
1779 1723 1843 1751 au—

515 1789 597 1820 tem
632 1778 722 1819 haec
756 1777 902 1818 summa
935 1777 1100 1830 partium
1135 1776 1384 1831 aliquotarum
1418 1777 1665 1829 cuiuscunque
1709 1787 1843 1816 uume-

514 1843 547 1884 ri
577 1855 597 1883 a
630 1842 776 1883 summa
809 1841 1012 1882 diuisorum
1047 1839 1156 1894 ipsius
1194 1841 1387 1881 omnium.
1452 1838 1646 1880 Diuisores
1697 1838 1840 1879 numeri

513 1907 667 1948 alicuius
715 1917 852 1946 omnes
890 1906 941 1945 ita
973 1904 1053 1944 sunt
1095 1903 1360 1958 intelligendi,
1407 1912 1452 1944 vt
1483 1905 1600 1944 etiam
1651 1901 1840 1941 includant

515 1971 701 2010 vnitatcm
723 2002 734 2020 ‚
768 1980 807 2009 et
842 1981 1046 2010 numerum
1082 1967 1240 2021 ipsum3
1276 1966 1394 2007 veluti
1427 1966 1574 2006 numeri
1610 1976 1666 2004 20
1704 1964 1840 2005 diuiti)-

517 2045 575 2073 rcs
606 2045 739 2073 omnes
772 2032 849 2071 sunt
890 2045 905 2069 1
933 2064 944 2082 ,
983 2044 1038 2082 2,
1073 2044 1132 2080 4,
1170 2041 1191 2079 5
1218 2062 1227 2080 ,
1267 2041 1319 2068 10
1343 2061 1354 2080 ,
1391 2041 1478 2079 20,
1511 2039 1551 2069 ct
1590 2028 1735 2069 stimma
1768 2028 1839 2068 ho-

519 2109 602 2136 rum
638 2094 837 2136 diuiiorum
872 2095 923 2135 esi
954 2107 1027 2144 42.
1091 2093 1243 2134 Summa
1277 2094 1390 2146 (gitur
1422 2088 1614 2148 diuisorum
1656 2104 1839 2134 numerum

516 2157 628 2217 ipsum
649 2155 798 2215 semper
844 2158 1001 2201 excedit.
1082 2155 1158 2202 Sed
1190 2158 1374 2213 quoniam
1408 2158 1455 2199 ad
1489 2168 1611 2213 partes
1658 2158 1839 2213 aliquotas

1755 2232 1835 2262 non
