1971 2700
514 205 608 243 802
899 191 986 236 DE
1017 187 1239 237 BESTIIS
1275 187 1552 235 MARINIS.

516 308 578 348 tiis
595 308 663 348 suis
680 308 774 349 labia
809 307 925 348 veluti
959 307 1094 348 fertum
1129 306 1320 360 efficiant,
1350 317 1393 348 vt
1410 305 1581 360 pondere
1594 308 1721 359 grauia
1737 309 1836 351 labia

514 373 655 413 fiteilius
685 374 804 413 attolli
839 383 875 412 et
910 373 1056 412 moueri
1087 371 1235 424 possint.

635 447 674 484 3.
714 437 766 475 Vt
792 448 868 487 ope
920 435 1025 475 liuius
1085 435 1283 475 strutsturae
1333 433 1425 476 labia
1458 433 1639 488 spiraliter
1671 435 1836 486 quodam

517 501 639 541 modo
669 500 817 539 moueri
852 498 990 551 pollint
1009 530 1020 548 ‚
1053 510 1122 539 nec
1141 511 1234 552 opus
1252 498 1418 539 habeant
1436 531 1447 550 ,
1483 511 1572 538 cum
1603 507 1713 550 caput
1737 497 1837 540 diffi-

514 563 636 602 culter
666 563 813 602 mobile
842 562 894 602 ob
925 563 1148 603 continuam
1183 563 1334 603 craffam
1373 563 1530 603 crustam
1554 589 1565 612 ,
1621 571 1663 600 vt
1696 562 1841 614 quoties

515 625 643 666 fucum
677 635 850 666 tenacem
896 626 1063 667 auellere
1098 626 1213 667 velint
1246 636 1369 668 totum
1401 639 1537 681 corpus
1578 636 1735 667 mouere
1773 637 1837 666 ne-

511 689 653 730 cetrum
686 689 864 731 habeant.

635 752 943 805 masticationem
977 755 1168 796 ablOluunt
1201 754 1350 809 praeter
1367 768 1543 798 normam
1563 755 1742 796 omnium
1761 753 1846 794 ani-

518 817 678 858 malium
701 851 712 868 ,
743 831 822 858 non
857 819 1029 859 dentibus
1050 853 1061 870 ,
1092 822 1222 873 quibus
1253 821 1287 859 in
1322 820 1536 861 vniuerlum
1570 829 1694 859 carent
1713 849 1726 869 ,
1777 815 1840 860 sed

514 882 658 921 duobus
677 881 810 922 ostibus
831 883 980 933 validis,
1015 884 1200 933 candidis,
1222 882 1279 922 seu
1312 885 1480 924 dentium
1517 883 1668 935 integris
1696 881 1840 933 maists,

511 957 669 998 quarum
705 957 781 984 vna
815 945 946 998 palato
967 975 980 997 ,
1013 946 1132 987 altera
1165 946 1342 987 maxillae
1359 947 1529 989 inferiori
1549 946 1670 987 infixa
1697 956 1734 986 et
1752 945 1843 987 huie

512 1008 684 1062 apposita
717 1009 783 1048 est

629 1071 785 1112 Insertio
819 1071 893 1125 ipsa
926 1072 984 1113 seu
1017 1074 1217 1115 connexio
1243 1074 1394 1128 prorsus
1424 1074 1569 1115 insolita
1591 1105 1603 1123 ,
1653 1086 1724 1114 nec
1757 1071 1844 1114 vllo

509 1144 603 1173 noto
636 1137 795 1174 nomine
825 1138 990 1188 exprimi
1026 1139 1178 1189 potest,
1212 1136 1459 1192 Gomphosin
1492 1150 1627 1178 vocare
1670 1150 1747 1177 non
1795 1136 1840 1177 li-

505 1207 569 1237 cet
603 1198 654 1238 ob
689 1199 756 1247 1d,
791 1200 891 1251 quod
925 1198 999 1238 offin
1033 1213 1110 1239 non
1148 1201 1354 1253 infiguntur
1385 1202 1582 1252 maxillis,
1617 1202 1677 1241 sed
1712 1200 1841 1241 multis

509 1261 654 1313 papillis
684 1269 723 1300 et
755 1263 857 1314 pon's
877 1294 888 1312 ,
923 1263 1027 1315 poris
1057 1273 1095 1302 et
1127 1265 1279 1317 papillis
1308 1264 1507 1317 reciprocis
1537 1264 1653 1316 palati
1673 1273 1709 1302 et
1729 1275 1839 1304 man-

508 1323 656 1364 dibulae
706 1323 890 1364 inferioris
935 1327 1124 1379 recipitur.
1213 1327 1407 1367 Praeterea
1449 1339 1470 1366 a
1504 1338 1611 1380 parte
1661 1327 1839 1367 anteriori

508 1389 761 1428 membranae
791 1389 961 1440 papillati
996 1391 1081 1431 labii
1117 1391 1307 1444 superioris
1340 1390 1509 1440 interni,
1541 1391 1587 1428 ad
1621 1390 1734 1429 latera
1774 1402 1840 1430 ve-

509 1463 555 1490 ro
574 1453 648 1491 oris
668 1451 800 1491 striatis
818 1451 902 1491 offis
922 1485 933 1502 ,
951 1465 970 1491 a
991 1462 1094 1505 parte
1123 1454 1318 1506 posteriori
1336 1453 1477 1506 duplici
1497 1451 1684 1506 apophysi
1711 1452 1841 1504 palato

510 1524 549 1555 et
592 1515 829 1555 mandibulae
882 1515 1046 1556 inferiori
1098 1517 1352 1568 inleritur,et
1381 1517 1451 1558 hac
1470 1517 1614 1557 ratione
1654 1515 1838 1556 firmatur.

624 1579 713 1618 Oll'a
745 1578 836 1619 haec
869 1580 1024 1620 molaria
1060 1579 1177 1621 subtus
1209 1582 1335 1622 multis
1384 1580 1619 1622 foraminulis
1665 1577 1806 1633 pertula
1825 1610 1837 1630 ,

508 1642 613 1682 velut
651 1653 836 1683 netricum
869 1644 1022 1697 digitale
1057 1646 1119 1685 vel
1155 1645 1309 1699 spongia
1332 1678 1342 1696 ‚
1376 1646 1507 1696 quibus
1525 1644 1679 1684 arteriae
1695 1653 1840 1684 erner-

506 1707 585 1746 vuli
619 1709 758 1747 eodem
794 1708 917 1747 modo
952 1717 996 1747 vt
1027 1709 1201 1750 dentibus
1240 1709 1462 1750 animalium
1512 1709 1748 1758 interantur,
1784 1705 1839 1747 su-

509 1782 624 1822 perna
658 1781 763 1825 parte
797 1771 922 1823 glabra
958 1782 997 1810 et
1034 1773 1161 1812 multis
1190 1773 1377 1813 canalibus
1412 1772 1583 1813 tortuosis
1613 1782 1652 1811 et
1683 1770 1836 1811 vndula-

508 1833 553 1872 tis
587 1846 765 1874 exc-auara
798 1847 841 1874 ac
878 1837 1095 1875 eminentiis
1126 1837 1219 1876 intra
1255 1836 1326 1876 hos
1358 1837 1454 1877 elata
1476 1868 1488 1887 ,
1527 1830 1620 1888 quae
1667 1835 1838 1874 eminen-

507 1897 580 1937 tiae
621 1898 684 1939 sub
738 1898 994 1938 masticatione
1031 1912 1051 1938 a
1085 1901 1270 1942 canalibus
1322 1901 1484 1954 appositi
1532 1898 1616 1938 offis
1650 1898 1698 1937 ita
1733 1898 1838 1938 exci-

509 1971 657 2011 piuntur
678 1995 688 2013 ,
722 1972 765 2001 vt
800 1963 870 2002 fuci
907 1964 1001 2002 intra
1034 1962 1125 2003 hacc
1167 1964 1278 2004 veluti
1331 1965 1426 2002 intm
1478 1960 1656 2001 lullonum
1709 1960 1838 2004 asseres

304 2043 377 2074 nb.
401 2044 480 2074 mv·
508 2021 563 2061 seu
582 2026 700 2064 molas
717 2028 925 2065 manuarias
943 2027 1252 2066 comminuantur
1268 2037 1310 2064 ac
1331 2023 1551 2078 subigantur.
1605 2025 1693 2065 Ossa
1713 2024 1804 2065 haec
1823 2057 1834 2077 ,

350 2086 444 2124 ⁶51¹·
508 2099 598 2138 quae
630 2087 761 2126 clarius
795 2090 1009 2135 docebunt,
1060 2101 1155 2139 quae
1203 2089 1456 2142 descriptione
1507 2089 1630 2130 minus
1661 2087 1834 2142 intelligi-

505 2148 590 2190 bilia
623 2148 703 2190 sunt
723 2181 735 2201 ,
769 2151 944 2190 delineari
977 2154 1112 2190 curaui.
1419 2170 1425 2175 ·

1745 2213 1812 2258 Na
