1971 2700
553 181 646 239 3⁸4
901 185 987 233 DE
1019 185 1233 234 BESHIS
1265 186 1531 233 MARmIS.

550 302 685 344 iacenti
726 301 907 345 subieeiae
959 305 1100 346 attritui
1151 313 1193 344 et
1234 302 1317 345 solis
1349 303 1457 344 radiis
1498 302 1626 343 minus
1657 300 1842 348 obnoxiae
1863 340 1874 360 ‚

552 367 724 409 natiuum
758 369 952 421 nigrorem
985 377 1025 407 et
1057 367 1222 421 pilorum
1255 367 1534 420 longitudinem
1569 366 1681 406 vnice
1721 363 1871 414 semant,

551 430 644 486 Quo
661 432 858 482 alacriora,
877 431 1052 471 astutiora
1083 439 1123 470 et
1156 431 1333 471 celeriora
1367 431 1543 472 animalia
1577 429 1654 469 stmt
1674 463 1685 482 ,
1719 440 1767 468 eo
1793 433 1872 484 pul.

552 494 690 534 chriori
724 494 926 535 vestiuntur
959 494 1057 548 pelle
1079 525 1091 546 ,
1126 503 1167 534 et
1199 494 1286 534 vice
1316 495 1415 535 versa
1438 527 1448 546 ,
1482 494 1571 534 hinc
1607 505 1690 533 raro
1718 504 1783 532 nec
1809 495 1875 539 nis.

553 557 688 598 insidiis
722 558 931 612 capiuntur.
998 557 1102 598 Haec
1119 558 1167 599 de
1183 555 1375 598 securitate
1408 557 1465 598 sua
1499 560 1548 598 ita
1581 557 1733 598 sollicita
1769 557 1874 612 sunt,

551 630 596 661 vt
628 620 653 661 s1
686 620 760 662 sola
795 632 955 676 propter
988 621 1167 662 somnum
1200 621 1427 675 capiendum
1462 623 1499 662 in
1534 621 1668 662 siccum
1707 631 1877 675 exeant,

549 684 762 727 admodum
796 686 948 727 sollicite
997 684 1327 740 circumspiciant,
1376 693 1418 725 et
1449 698 1537 726 cum
1574 685 1690 726 oculis
1739 697 1875 741 panim

551 749 592 789 in
626 751 847 793 continente
880 750 1057 801 valeant,
1093 750 1239 791 naribus
1273 749 1397 790 versus
1430 761 1565 790 omnes
1601 750 1728 803 plagas
1778 751 1879 791 dire·

551 812 644 865 ctis,
664 825 863 869 antequam
898 814 1034 855 somno
1067 815 1298 867 indulgeant,
1321 826 1468 854 annon
1502 813 1679 854 homines
1712 814 1749 854 in
1781 814 1879 855 vici·

552 877 614 916 nia
648 877 738 929 siut,
775 888 1061 932 percontantur,
1081 879 1162 918 imo
1196 877 1365 930 quamuis
1395 878 1489 918 nihil
1511 876 1661 931 periculi
1681 875 1879 930 senserint,

550 949 678 980 tamen
713 953 791 981 non
821 942 1022 995 longinque
1054 953 1076 980 a
1111 941 1207 981 mari
1239 942 1413 982 recedunt
1443 943 1577 991 crebro
1595 942 1792 995 perterrita
1809 950 1879 982 ex-

551 1003 769 1059 pergefiunt
789 1036 800 1055 ,
852 1004 1182 1058 circumspiciunt,
1237 1016 1374 1058 parum
1436 1018 1506 1046 nec
1555 1004 1739 1059 profunde
1787 1005 1879 1045 dor-

553 1069 689 1108 miunt.
757 1070 875 1126 Quod
911 1069 935 1109 si
970 1081 1063 1109 vero
1104 1069 1237 1122 integri
1287 1080 1415 1122 greges
1454 1070 1494 1108 in
1543 1069 1761 1108 continente
1801 1079 1877 1109 vna

551 1131 778 1182 dormiunt,
820 1132 1047 1185 pulchriores
1080 1133 1228 1184 semper
1262 1132 1493 1185 antesignani
1529 1130 1708 1172 excubias
1735 1140 1881 1186 agunt,

550 1205 595 1235 ac
625 1195 858 1236 imminente
891 1195 1061 1247 periculo
1095 1195 1254 1246 reliquos
1294 1194 1472 1234 suscitant.

670 1259 950 1299 Foemellarum
985 1258 1099 1310 pelles
1131 1269 1151 1296 a
1172 1256 1336 1297 marium
1359 1257 1515 1310 pellibus
1535 1257 1660 1309 primo
1681 1258 1801 1299 statim
1822 1258 1880 1299 in-

555 1322 653 1362 tuitu
687 1320 853 1376 dignosci
890 1320 1069 1373 possunt,
1101 1320 1152 1358 ob
1187 1321 1223 1359 id
1243 1352 1254 1370 ,
1286 1321 1387 1372 quod
1421 1322 1615 1372 minores,
1651 1323 1880 1375 pulchriores

554 1395 592 1425 et
624 1387 836 1438 graciliores
869 1384 964 1438 pilos
997 1384 1035 1422 in
1069 1380 1208 1429 dorso,
1243 1392 1285 1421 et
1315 1382 1510 1435 longiores
1541 1384 1577 1420 in
1597 1395 1728 1423 ventre
1746 1385 1847 1424 alant
1866 1416 1878 1435 ,

557 1448 693 1490 harum
747 1461 831 1490 caro
896 1448 1059 1487 tenerior
1110 1445 1268 1499 sapidior
1300 1457 1342 1485 ac
1393 1445 1445 1485 ob
1497 1443 1748 1498 intersperfiim
1796 1447 1881 1500 pin·

556 1515 760 1566 guedinem
809 1513 948 1567 gratior
996 1510 1047 1551 est
1066 1543 1076 1562 ,
1121 1519 1252 1550 contra
1293 1521 1446 1550 morem
1502 1509 1782 1562 quadrupedum
1838 1520 1880 1550 et

555 1579 680 1617 auium
703 1610 713 1628 ,
767 1590 805 1617 in
840 1589 1002 1630 quorum
1051 1573 1158 1615 classe
1190 1585 1310 1614 mares
1361 1572 1634 1625 pulchrioribus
1673 1582 1711 1613 et
1750 1573 1882 1614 colore

557 1641 814 1695 insignioribus
849 1641 935 1694 pilis
967 1650 1006 1680 ct
1040 1638 1178 1692 plumis
1210 1637 1412 1677 vestiuntur

677 1705 778 1746 Pilos
809 1704 964 1758 quidem
999 1711 1168 1752 mutant,
1200 1710 1242 1741 vt
1274 1700 1451 1741 terrestria
1486 1701 1657 1741 animalia
1697 1711 1735 1742 et
1767 1714 1881 1755 aues,

559 1768 629 1810 hac
662 1779 791 1810 tamen
824 1768 965 1822 duplici
999 1767 1225 1817 differentia,
1261 1764 1359 1818 pilos
1398 1767 1548 1818 quidam
1575 1765 1753 1805 amittunt
1772 1777 1882 1806 men-

561 1833 594 1872 sc
630 1833 725 1874 lulio
756 1844 794 1873 ct
828 1831 1027 1885 Augusto,
1060 1830 1118 1869 scd
1152 1841 1266 1883 parce
1302 1829 1509 1869 admodum
1531 1859 1542 1879 ,
1594 1828 1724 1882 reliqui
1774 1828 1882 1870 colo-

558 1909 640 1937 rem
677 1896 968 1951 quodammodo
1002 1902 1147 1935 mutant
1183 1903 1221 1932 et
1253 1891 1463 1932 fuscidiores
1512 1892 1701 1942 euaduut,
1751 1892 1882 1932 dicun—

561 1969 619 1998 tur
652 1973 849 2015 propterca
883 1972 903 1999 a
938 1958 1059 2001 Rnffis
1091 1967 1129 1996 et
1161 1955 1427 1996 mercatoribus
1446 1954 1577 1994 Lernie
1610 1952 1770 2006 Bohry,
1805 1955 1881 1995 mi-

562 2025 717 2075 norique
754 2025 873 2076 pretio
902 2030 1067 2062 veneunt
1090 2036 1096 2059 :
1117 2017 1363 2059 nobiliffimac
1386 2017 1499 2064 pelles
1515 2018 1591 2057 liunt
1610 2050 1620 2070 ,
1658 2031 1753 2072 quac
1772 2018 1880 2061 Mar-

562 2086 646 2137 tio,
682 2087 806 2140 Aprili
830 2117 840 2137 ,
877 2085 987 2127 Maio
1017 2082 1145 2124 occisis
1177 2079 1432 2121 detrahuntur.

1747 2207 1875 2250 Aduln'
