1971 2700
584 196 937 245 DESCRIPTIO.
1333 215 1415 257 225

117 327 195 372 que
221 315 468 358 directionem
497 313 795 369 circumagatur3
827 313 864 355 id
897 314 1000 369 quod
1031 313 1157 369 primo
1188 313 1340 369 quidem
1367 316 1422 355 in-

120 381 213 422 tuitu
244 381 313 420 vix
346 377 676 432 comprehensibile
714 378 859 418 videtur
877 410 889 429 ,
922 378 1084 432 tequenti
1113 386 1241 418 tamen
1275 379 1421 419 obtine-

118 452 178 484 tur
208 444 341 484 modo.
407 441 545 483 Rotula
577 440 710 482 scilicet
739 453 768 482 x
797 441 911 482 affixa
943 443 996 483 est
1027 441 1073 482 ad
1105 442 1194 482 axin
1228 452 1334 483 rotae
1362 454 1416 482 re-

119 519 252 547 morae
285 506 434 546 ferratae
448 518 501 557 y,
523 503 642 558 ‘super
671 515 747 558 quo
778 504 888 545 fimul
921 514 999 546 rota
1032 506 1156 546 maior
1189 518 1215 545 α
1248 505 1413 546 median-

118 578 157 610 te
188 571 364 610 arundine
390 565 560 610 volubilis
591 567 654 608 est.
722 567 814 622 Ope
846 568 1021 609 obstaculi
1053 581 1080 609 z
1110 580 1207 609 vero
1235 569 1417 621 efficitur,

116 642 160 673 vt
179 665 189 684 ,
222 633 249 674 fi
280 631 396 673 rotula
426 643 454 672 x
486 630 721 672 dextrorsum
755 641 992 672 conuertatur
1009 664 1021 684 ,
1052 640 1134 672 rota
1166 646 1193 673 α
1224 632 1329 673 simul
1346 634 1417 673 cir-

115 705 362 750 cumagatur,
396 706 482 735 eam
524 705 618 735 vero
667 695 848 747 relinquat
869 727 879 746 ,
911 695 937 735 si
968 694 1205 735 sinistrorsum
1257 704 1414 737 rotetur.

114 758 179 799 Ex
211 759 282 800 hac
320 757 593 800 construetione
632 757 787 811 sequitur
805 789 815 809 ,
847 757 873 797 fi
908 769 1008 797 arcus
1046 757 1215 798 dentatus
1245 764 1261 798 t
1293 771 1320 798 v
1351 759 1415 798 de-

113 822 297 873 primatur
315 855 326 874 ,
357 833 424 875 per
456 830 579 862 rotam
614 834 641 861 α
670 820 833 862 rotulam
868 817 896 861 ὃ
932 819 1173 860 sinistrorsum
1215 820 1415 873 conuerti,

109 883 151 924 et
168 916 178 936 ,
213 887 390 940 quoniam
423 885 541 926 rotula
573 881 602 925 ὃ
635 884 682 925 ad
713 885 803 925 axin
835 883 1014 924 cochleae
1046 883 1106 923 vel
1138 883 1299 934 cylindri
1344 883 1416 924 ho-

112 946 248 1002 rologii
279 949 334 990 est
364 948 481 990 affixa
501 981 512 1001 ,
544 948 719 989 elaterem
754 947 860 988 simul
891 947 1034 988 intendi
1064 945 1128 986 vel
1159 947 1305 1000 pondus
1341 946 1416 987 ele-

107 1010 201 1050 vari.
267 1012 366 1054 Axis
394 1023 567 1052 remorae
585 1025 620 1064 y
652 1023 721 1064 per
761 1019 887 1051 rotam
927 1023 953 1049 α
985 1008 1159 1049 transiens
1208 1020 1259 1050 ex
1291 1009 1413 1050 auersa

107 1070 212 1114 huius
241 1086 344 1115 rotae
379 1083 487 1127 parte
506 1106 517 1123 ,
550 1086 641 1128 quae
671 1082 846 1113 excauata
879 1072 931 1113 est
951 1105 961 1122 ,
994 1073 1091 1124 gerit
1124 1072 1279 1112 alteram
1307 1082 1410 1114 rotu-

103 1133 181 1175 lam
214 1149 404 1178 remoram
440 1151 465 1185 η
497 1138 579 1188 Fig.
614 1136 669 1176 11.
703 1136 890 1174 contrario
920 1136 1042 1174 modo
1077 1135 1114 1172 in
1150 1133 1315 1187 respectu
1363 1135 1409 1176 ad
1467 1156 1472 1161 ·

104 1199 268 1250 priorem
300 1198 530 1250 dispositam.
597 1198 806 1237 Promouet
836 1208 880 1236 ea
912 1197 1015 1235 enim
1036 1204 1159 1235 rotam
1187 1208 1409 1237 connexam

103 1255 135 1312 ζ
165 1259 272 1299 fimul
302 1259 425 1300 secum
458 1267 614 1313 propter
647 1257 878 1299 obstaculum
914 1272 942 1300 κ
975 1258 1002 1299 si
1032 1259 1153 1299 rotula
1185 1271 1212 1300 x
1238 1259 1411 1302 finistror-

102 1321 183 1362 sum
216 1323 458 1364 conuertitur.
543 1321 689 1363 Deserit
724 1333 820 1363 vero
852 1322 1029 1363 eamdem
1048 1354 1060 1375 ‚
1105 1321 1225 1363 rotula
1257 1335 1286 1364 x
1318 1324 1411 1365 dex-

100 1384 257 1426 trorsum
287 1387 471 1428 conuersa.
541 1387 642 1428 Rota
673 1380 701 1438 ζ
735 1385 964 1440 circumagat
995 1385 1159 1426 rotulam
1196 1401 1212 1427 ε
1234 1400 1244 1440 3
1264 1396 1300 1426 et
1317 1386 1409 1427 haec

102 1449 250 1500 arripiat
281 1450 406 1490 dentes
438 1449 673 1503 peripheriae
704 1448 867 1489 interiori
901 1449 1020 1489 elatae
1053 1457 1155 1489 rotae
1189 1463 1215 1489 α
1248 1448 1408 1504 incisos3

100 1508 254 1563 sequitur
286 1521 366 1554 turn
397 1525 447 1553 ex
480 1513 551 1553 liae
583 1511 820 1567 dispositione
852 1512 973 1553 rotula
1002 1524 1032 1552 x
1050 1511 1286 1553 sinistrorsum
1315 1523 1407 1552 con-

99 1571 202 1613 versa
233 1584 355 1618 rotam
388 1589 414 1617 α
448 1578 584 1618 iterum
614 1574 849 1618 dextrorsum
882 1575 1139 1629 promoueri,
1188 1574 1410 1615 decurrente

99 1637 175 1676 iam
209 1649 356 1680 remora
386 1641 563 1683 exteriori
594 1640 656 1681 sub
686 1637 750 1680 suo
799 1638 1002 1681 obstaculo.
1085 1638 1238 1679 Perinde
1288 1639 1409 1692 itaque

99 1701 167 1740 erit
201 1710 327 1742 vtrum
362 1716 463 1744 arcus
477 1705 675 1745 dentatust
690 1715 718 1743 v
736 1714 803 1756 per
832 1702 1091 1743 dilatationem
1110 1702 1304 1756 virgarum
1323 1714 1406 1743 me-

101 1763 303 1804 tallicarum
335 1767 570 1817 deprimatur
589 1797 600 1817 ‚
641 1766 702 1806 vel
734 1778 779 1805 an
811 1778 879 1819 per
910 1778 1040 1807 earum
1100 1765 1405 1806 contraoionem

99 1827 288 1880 eleuetur3
325 1829 364 1868 in
397 1838 554 1882 vtroque
585 1829 691 1868 enim
725 1826 804 1867 casu
854 1837 937 1869 rota
970 1842 996 1869 α
1025 1828 1260 1869 dextrorsum
1312 1839 1404 1882 pro-

99 1890 313 1931 mouebitur
331 1924 343 1942 ‚
376 1900 415 1931 et
446 1892 561 1932 elater
594 1889 783 1943 horologii
817 1889 1028 1931 intendetur
1059 1890 1126 1931 vel
1157 1892 1303 1944 pondus
1329 1890 1406 1929 ele-

99 1953 255 1994 vabitur.
323 1953 444 1995 Simili
477 1954 636 1994 artificio
669 1965 815 2007 quoque
846 1954 1035 1995 obtinetur
1055 1986 1066 2005 ,
1101 1966 1148 1993 ne
1180 1954 1242 1994 sub
1284 1955 1404 1993 inten-

97 2017 199 2056 fione
232 2017 373 2058 clateris
405 2026 466 2058 aut
497 2017 707 2057 eleuatione
740 2016 917 2067 ponderis
946 2026 1071 2057 motus
1111 2016 1299 2070 horologii
1346 2015 1400 2055 so-

94 2079 164 2120 lito
200 2081 319 2121 modo
353 2082 652 2133 interrumpatur.
719 2077 909 2132 Affigatur
942 2077 1076 2119 scilicet
1109 2080 1155 2119 ad
1188 2080 1278 2120 axin
1300 2111 1311 2131 ,
1346 2078 1401 2118 in-

94 2151 147 2184 tra
180 2144 377 2184 cochleam
397 2143 459 2184 vel
490 2143 702 2194 cylindrum
735 2141 928 2196 horologii
950 2142 1182 2192 verffitilem,
1198 2152 1281 2185 rota
1300 2147 1400 2196 prio--

160 2207 282 2248 Tom.
316 2207 368 2248 11.
392 2207 497 2249 Nou.
518 2205 743 2248 Commcnt.
1004 2205 1034 2245 F
1052 2205 1075 2245 f
1370 2205 1396 2244 ri
