1971 2700
445 158 670 212 ..stes-
706 169 731 197 0
767 160 996 212 ses&
1330 174 1417 213 4¹³

556 266 1006 325 METHODVS

245 351 605 398 OBSERVANDI
637 352 884 444 Εξνῐέξῑῑδὲὃ
916 353 1293 398 LVMINARIVM

632 460 722 501 Nic.
758 461 901 515 Popow.

164 600 175 608 ‘
236 602 369 646 agnam
399 601 554 643 operam
593 589 825 630 collocarunt
864 591 1080 631 recentioris
1112 592 1190 632 aeui
1243 592 1428 633 Astrono-

121 593 234 710 M
268 657 321 696 mi
352 655 388 693 in
421 654 600 694 machinis
633 653 894 706 methodisque
915 657 1184 708 excogitandis,
1227 657 1355 711 quibus
1388 657 1427 695 in

122 720 311 772 eclipsibus
328 717 585 758 Luminarium
598 717 733 770 phases
752 717 965 757 Luminaris
995 719 1199 770 eclipsantis
1218 752 1228 769 ‚
1260 730 1298 759 et
1319 719 1429 758 chor-

123 784 186 824 das
220 782 407 822 desetftiuas
440 780 547 820 simul
581 790 760 832 prompte
794 789 831 819 et
850 789 1015 820 accur-„ite
1034 780 1222 820 obseruare
1252 783 1399 833 possent
1418 812 1430 832 ‚

124 847 288 899 variique
337 846 452 884 varias
484 846 761 885 adiuuenerunt.
832 842 906 884 Sed
942 845 1098 884 meliore
1130 846 1303 884 omnium
1354 844 1432 884 suc-

123 910 218 950 cessu
257 918 405 948 conatus
445 907 574 948 cessisse
625 906 781 948 Kirchio
812 917 848 946 et
883 907 991 947 Hirio
1040 908 1158 960 vulgo
1207 907 1432 958 censentur,

120 974 185 1027 qui
220 972 408 1012 machinas
441 972 681 1011 micrometra
713 971 826 1010 didtas
844 1004 855 1021 ,
876 971 1119 1023 vnusquisque
1141 970 1204 1010 sibi
1233 971 1431 1024 propriam

125 1038 427 1088 excogitauerunt
448 1067 457 1084 ,
489 1047 645 1087 quarum
681 1047 756 1087 ope
790 1034 1059 1087 phoenomena
1092 1034 1149 1074 illa
1181 1034 1357 1087 eclipseos
1393 1034 1432 1073 in

121 1108 273 1150 Vtraque
307 1098 428 1150 eclipsi
463 1099 599 1137 eodem
635 1107 841 1137 momento
872 1098 1064 1136 obseruari.
1084 1096 1227 1148 possunt
1248 1128 1257 1145 ,
1290 1108 1430 1148 quaeue

122 1160 330 1201 hodienum
362 1163 474 1197 etiam
498 1189 508 1206 ‚
542 1161 567 1197 fi
601 1161 647 1196 ad
679 1172 808 1197 manus
839 1158 1000 1208 suerint„
1050 1158 1145 1197 solae
1171 1189 1181 1209 ‚
1214 1168 1254 1199 vt
1306 1167 1434 1198 caete-

122 1224 171 1266 ris
202 1222 374 1261 omnibns
408 1219 714 1272 praestantiores,
750 1220 962 1272 praesertim
996 1221 1033 1261 in
1067 1221 1257 1274 eclipsibus
1306 1221 1432 1261 Luna-

121 1287 246 1335 ribus,
296 1283 341 1322 ad
392 1282 490 1322 hunc
545 1281 648 1323 vsum
699 1282 929 1324 adhibentur.
1031 1283 1376 1339 Verumenimuero
1407 1284 1433 1326 si

120 1347 353 1389 conditiones
373 1346 600 1397 punctorum
636 1347 673 1385 in
706 1345 809 1386 discis
828 1347 1090 1387 LumInarium
1127 1360 1198 1400 pro
1240 1347 1313 1388 hoc
1350 1348 1432 1388 casu

120 1398 431 1451 obseriiandorum
455 1439 466 1460 ,
502 1408 835 1462 machinarumque
868 1410 1003 1450 harum
1055 1411 1233 1451 structura
1276 1421 1314 1451 et
1346 1423 1434 1451 me-

121 1473 229 1514 thodi
263 1486 328 1526 per
360 1485 420 1512 eas
452 1473 669 1513 obseruandi
702 1474 748 1513 ab
781 1473 987 1514 auctoribus
1019 1486 1145 1514 carum
1183 1474 1432 1528 praescriptae

121 1537 287 1577 exactius
315 1536 616 1586 considerentur,
648 1537 915 1589 phoenomena
949 1537 1009 1577 illa
1042 1538 1219 1591 eclipseos
1269 1551 1338 1592 per
1368 1539 1435 1579 has

123 1602 238 1641 etiam
271 1600 491 1649 machinas,
527 1601 596 1640 vix
627 1600 705 1640 satis
738 1610 907 1641 accurate
940 1601 1124 1641 obseruari
1160 1602 1263 1655 posse
1312 1603 1434 1642 credi-

123 1664 260 1704 derim.
330 1664 393 1704 Ad
427 1673 584 1717 quatuor
601 1666 700 1704 enim
722 1664 859 1717 punc‘ta
879 1697 890 1716 ,
921 1665 998 1704 duo
1016 1677 1155 1718 nempe
1174 1678 1312 1705 cornua
1340 1666 1434 1718 plia-

124 1725 204 1765 seos
223 1758 233 1775 ,
264 1727 428 1777 duosque
460 1727 597 1766 limbos
631 1728 819 1768 discorum
870 1728 1095 1768 obscurantis
1128 1738 1167 1768 et
1200 1729 1402 1781 eclipsantis
1422 1761 1433 1780 ,

126 1786 337 1827 sensibiliter
376 1799 396 1825 a
428 1786 462 1825 se
501 1789 663 1827 inuicem
715 1790 911 1840 distantia,
961 1791 1181 1843 diuersisque
1233 1792 1400 1830 motibus
1423 1823 1434 1842 ,

130 1860 237 1891 motu
269 1849 321 1889 sc:
359 1851 470 1902 primi
515 1850 691 1902 mobilis,
733 1862 838 1891 motu
858 1851 1123 1892 Luminarium
1158 1855 1315 1906 proprio
1347 1867 1367 1893 a
1400 1854 1436 1894 se

131 1913 318 1962 inuicem,
355 1922 536 1965 motuque
568 1913 731 1967 angulari
767 1928 949 1955 cornuum
970 1949 980 1967 ,
1022 1916 1048 1955 si
1081 1916 1223 1969 eclipsis
1277 1918 1436 1970 partialis

132 1976 185 2015 est
206 2008 216 2026 ,
249 1977 287 2015 in
319 1975 469 2016 diuersis
501 1977 625 2029 plagas
664 1976 870 2017 sensibiliter
919 1979 1106 2028 mobilia,
1159 1980 1331 2020 adhibitis
1377 1981 1434 2020 liis

130 2038 308 2080 machinis
345 2039 478 2079 eodem
520 2049 724 2079 momento
758 2042 993 2094 .attendere,
1043 2043 1200 2094 duasque
1247 2043 1434 2083 distanti-„is

130 2114 261 2143 eorum
293 2115 314 2142 a
347 2101 379 2142 sc
396 2103 559 2143 inuicem
579 2103 684 2144 simul
713 2104 797 2144 astu
831 2105 1041 2146 mensurare
1060 2105 1196 2146 necesse
1223 2106 1288 2147 est.
1351 2107 1435 2147 Kir-

686 2167 717 2207 F
751 2166 774 2207 f
794 2166 816 2207 f
840 2177 863 2216 3
1332 2169 1435 2208 chius
