1971 2700
516 155 609 200 :358
862 144 953 194 ‘DE
985 143 1194 190 BES'HIS
1224 140 1495 191 MARINIS.

517 263 602 307 mal
632 274 761 306 autem
796 263 1032 307 vulneratum
1065 263 1214 317 sagittae
1246 261 1357 303 instar
1389 257 1623 302 velocissime
1656 256 1773 316 sugit,
1797 279 1840 308 ac

518 340 595 370 vna
625 330 811 381 cymbam
844 341 935 370 cum
967 328 1182 369 hominibus
1213 327 1336 368 lecum
1357 326 1475 379 rapit,
1506 324 1630 365 donec
1663 324 1842 372 laffumet

518 406 542 434 a
574 393 750 447 sangnine
782 390 1007 432 exhaustum
1033 390 1190 433 subsistat
1215 407 1222 432 :
1255 403 1368 445 quam
1388 391 1555 444 primum
1578 388 1727 430 subsistit
1754 390 1843 436 illud

521 456 608 497 loro
639 459 685 496 (ld
722 456 757 496 se
794 455 946 496 trahunt
966 489 976 508 ,
1009 454 1117 497 hastis
1151 454 1400 509 transfigunt,
1433 463 1472 494 ct
1491 454 1517 495 si
1535 454 1718 505 cymbam
1739 467 1845 496 euer-

520 529 600 560 tere
643 519 730 560 xelit
749 551 761 572 ‚
795 518 982 560 securibus
1016 532 1061 560 ac
1103 518 1217 560 clauis
1267 519 1443 573 pinnatos
1480 518 1684 559 anteriores
1730 518 1847 573 pedae

522 592 562 622 et
594 593 704 638 *aput
734 583 972 624 contundunt
991 616 1003 635 ,
1036 593 1232 625 mortuum
1266 585 1304 624 in
1338 582 1519 637 cymbam
1556 591 1702 637 ponunt
1721 594 1760 624 et
1777 583 1851 624 do-

519 660 632 689 mum
672 656 889 703 properant.
959 647 1196 689 Interficiunt
1228 657 1352 690 autem
1388 646 1510 688 saltim
1545 646 1737 688 foemellas
1761 658 1851 688 vere

519 723 769 767 praegnantes
800 720 838 753 et
870 712 1044 754 nondtun
1095 713 1240 754 adultos
1291 725 1444 762 mares,
1497 711 1592 752 senes
1640 720 1770 752 autem
1811 719 1852 752 et

519 777 772 830 praegrandes
804 776 958 832 aggredi
990 789 1066 818 non
1100 777 1271 827 audent,
1304 776 1364 818 sed
1396 775 1474 817 vilo
1506 788 1587 816 vno
1637 775 1758 816 saltim
1792 774 1852 816 di-

519 851 609 881 cunt
640 839 786 895 Sipang
819 839 1008 895 (malum)
1043 841 1226 894 grandem
1261 842 1367 881 enim
1405 851 1541 881 vocare
1574 849 1775 894 peccatum
1809 848 1850 880 et

521 904 723 945 exitiosum
758 913 905 958 putant.
932 903 989 944 Ita
1008 914 1046 944 et
1080 905 1206 953 dicum
1223 904 1248 945 si
1267 904 1418 945 leonem
1453 905 1644 945 marinum
1663 914 1727 945 aut
1745 914 1853 957 prae-

521 969 705 1021 grandem
740 966 867 1009 vrsum
901 967 939 1009 in
989 968 1208 1009 continente
1260 967 1368 1010 sociis
1430 979 1469 1010 et
1503 969 1616 1010 armis
1690 965 1852 1011 destituti

522 1032 672 1074 vident.

643 1098 858 1152 Quotannis
912 1098 1090 1150 permulti
1142 1098 1217 1138 vrfi
1267 1097 1406 1139 marini
1457 1096 1515 1139 fila
1571 1096 1702 1151 sponte
1753 1095 1853 1136 senio

521 1160 688 1201 confesti
721 1161 761 1200 in
794 1160 864 1200 hac
897 1160 1009 1200 insula
1060 1170 1246 1214 pereunt,
1301 1162 1354 1200 ita
1385 1168 1425 1199 ct
1457 1169 1516 1200 tot
1550 1161 1587 1200 in
1623 1173 1747 1214 pugna
1793 1171 1856 1200 ca-

519 1224 614 1264 dunt
645 1233 685 1263 et
715 1224 763 1264 ab
797 1224 946 1264 inflictis
979 1223 1190 1264 vulneribus
1220 1233 1378 1278 pereunt
1400 1254 1412 1274 ,
1444 1232 1488 1262 vt
1522 1222 1561 1262 in
1593 1222 1773 1276 aliquibus
1799 1223 1854 1265 lo-

519 1287 573 1326 cis
605 1295 733 1327 totum
767 1286 850 1326 litus
883 1285 1016 1326 ollibus
1049 1298 1088 1326 et
1122 1288 1286 1327 caluariis
1303 1286 1851 1341 cooperiatur,vclutiingen-

523 1350 577 1393 tia
607 1351 745 1404 praelia
781 1350 831 1389 ibi
865 1349 1065 1390 commisfit
1100 1348 1246 1390 fuerint.

643 1413 833 1456 Omittere
866 1426 943 1454 non
978 1413 1127 1467 poss‘um
1163 1413 1377 1467 glandulam
1412 1413 1564 1466 Thymi
1604 1424 1852 1468 permagnam

523 1480 563 1520 in
596 1478 653 1519 his
684 1477 903 1519 animalibus
933 1478 1003 1518 effe
1023 1511 1034 1531 ,
1069 1491 1092 1518 e
1126 1479 1255 1519 multis
1287 1478 1466 1532 glandulis
1491 1477 1698 1519 conflatam
1724 1488 1762 1518 et
1780 1479 1858 1518 sac-

523 1555 573 1583 co
609 1542 875 1583 membranofi)
908 1542 1151 1593 inuolutam,
1186 1542 1295 1584 incidi
1329 1542 1528 1596 aliquando
1563 1555 1714 1583 ramum
1758 1550 1855 1583 arte·

523 1606 599 1647 riae
635 1606 860 1660 pulmonalis
892 1619 935 1647 ac
969 1606 1136 1647 immisso
1167 1606 1297 1647 tubulo
1338 1616 1376 1646 et
1411 1606 1501 1647 flatu
1521 1607 1595 1646 oris
1635 1605 1822 1647 obseruaui
1841 1637 1853 1658 ,

523 1683 604 1711 non
638 1680 787 1711 tantum
831 1671 952 1712 cordis
999 1669 1261 1722 ventriculos,
1295 1668 1355 1710 scd
1388 1680 1425 1710 et
1459 1670 1674 1724 glandulam
1729 1669 1854 1722 thymi

523 1735 616 1776 flatu
650 1734 875 1775 intumuiss‘e.
944 1734 1045 1790 Quid
1077 1733 1139 1774 alii
1177 1733 1344 1774 iudicent
1379 1735 1425 1774 de
1459 1735 1537 1774 hoc
1567 1734 1752 1787 attingere
1783 1744 1859 1789 no·⁴

519 1798 595 1849 10,
629 1799 697 1839 nisi
732 1800 869 1838 iteratis
901 1799 1177 1852 experimentis·
1209 1798 1247 1837 in
1279 1798 1356 1838 aliis
1387 1798 1510 1838 bestiis
1552 1798 1719 1838 marinis.

644 1860 850 1903 Coronidis
883 1862 970 1902 loco
1001 1860 1242 1916 subiungam,
1269 1861 1458 1902 curiorum
1492 1861 1562 1901 effe
1594 1860 1726 1911 valde,
1752 1863 1853 1916 quod

531 1925 689 1966 curiosus
721 1925 952 1981 Dampierus
988 1927 1097 1967 tradit
1132 1926 1179 1966 de
1214 1923 1324 1965 insula
1361 1924 1597 1966 ferdinando
1636 1924 1696 1964 sub
1731 1926 1849 1967 latitu-

528 1989 615 2029 dine
650 1990 806 2029 Australi
839 1990 1023 2043 graduum
1061 1994 1135 2036 36.
1189 1988 1327 2027 scilicet
1375 1998 1567 2028 memorat
1610 1987 1678 2028 sese
1713 1989 1764 2030 ibi
1795 1989 1848 2029 iu-

528 2052 754 2091 continente
791 2052 899 2091 simili
932 2053 1078 2093 ratione
1112 2064 1155 2091 :tc
1188 2063 1255 2090 nos
1286 2051 1322 2089 in
1356 2049 1465 2091 insul-‚1
1501 2049 1669 2105 Bcringii
1722 2062 1851 2093 totum

526 2115 615 2159 litus
646 2115 971 2160 imimncrabihbus
1010 2115 1235 2182 phocarum
1255 2147 1268 2169 ,
1295 2113 1455 2158 leonum
1484 2126 1524 2159 ct
1564 2116 1734 2160 vrsorum
1768 2127 1852 2157 ma·

1670 2189 1851 2227 unorum
