1971 2700
465 184 547 228 DE
579 182 800 230 BESTIIS
829 182 1099 231 MARINIS.
1363 191 1455 243 ¹393*

152 315 240 345 cum
276 298 486 357 genitalibus
516 307 729 340 exercentes
777 292 887 340 more
936 299 1128 341 simiarum
1147 332 1158 353 ,
1188 299 1286 342 adeo
1324 300 1458 344 intenti

155 371 233 408 sunt
263 363 500 420 perpoliendo
529 363 716 418 corpori,
748 371 793 404 vt
824 363 917 405 dum
950 362 1024 406 hoc
1043 373 1175 418 agunt,
1200 363 1320 408 secure
1360 365 1461 421 occi-A

154 432 194 471 di
226 428 382 485 possunt.

269 523 382 565 Cursu
430 523 499 564 vix
517 523 617 565 celer
655 524 777 565 cursor
823 523 956 579 assequi
990 524 1112 578 potest
1133 557 1144 577 ,
1175 524 1352 567 fallaciter
1391 523 1461 566 ad-'

156 589 316 630 modum
348 596 385 628 et
414 589 541 628 multis
592 588 808 642 ambagibus
841 589 954 629 currit
972 622 983 642 ,
1031 590 1095 629 vbi
1128 600 1224 630 vero
1275 591 1379 630 viam
1412 589 1460 630 ad

159 664 264 693 mare
312 652 560 704 interceptam
610 652 712 692 videt
731 683 744 705 ,
789 651 928 692 viribus
976 651 1149 693 exhausta
1201 661 1239 693 et
1288 651 1466 693 anhelofa

156 715 335 756 subsistere
365 724 509 755 tenetur
528 747 538 766 ,
570 723 738 756 catorum
775 727 884 754 more
913 713 1065 754 dorsum
1099 717 1137 754 in
1171 727 1298 755 arcum
1317 717 1464 766 eleuat,

157 790 201 818 ac
234 779 427 819 inimicum
462 777 548 819 fiiltu
580 779 749 819 inuadere
782 778 949 817 minatur
969 808 980 828 ,
1014 776 1141 818 stridet
1173 776 1283 817 instar
1314 778 1389 817 cati
1413 778 1465 817 se-

158 842 280 893 rocis,
310 855 377 882 nos
407 853 501 882 vero
543 840 784 881 animositatis
815 839 897 880 suae
947 840 1123 880 ventofite
1172 839 1338 881 conscios
1387 853 1465 881 non

157 904 330 946 deterruit
349 938 360 957 ,
390 906 503 946 vnico
533 904 619 944 forti
651 905 728 945 ictu
777 904 871 944 dum
921 912 1033 956 caput
1081 903 1221 957 petitur
1269 902 1464 944 confestim

156 968 343 1009 exanimis
375 969 412 1008 in
445 978 583 1009 terram
617 968 782 1007 concidit
803 999 813 1018 ,
855 969 1087 1006 anteriorum
1138 967 1279 1019 pedum
1330 966 1466 1019 plantis

157 1030 287 1070 oculos
334 1032 506 1085 cooperit
525 1064 535 1083 ,
567 1031 708 1071 etiamsi
741 1030 853 1069 vicies
894 1028 1043 1070 dorsum
1079 1029 1276 1070 verberant
1295 1062 1305 1080 ,
1374 1029 1468 1069 ierus

159 1092 300 1132 strenue
331 1095 496 1146 perfert,
528 1094 628 1147 quod
661 1094 688 1133 si
722 1105 816 1132 vero
848 1094 962 1131 cauda
1001 1094 1096 1130 inter
1136 1092 1360 1130 currendum
1396 1103 1469 1129 ex⁴

159 1153 255 1194 tensa
307 1157 549 1204 verberatur,
600 1155 793 1193 confestim
849 1153 1030 1191 conuerso
1086 1165 1248 1205 corpore
1299 1151 1466 1193 frontem

154 1214 352 1269 percussori
383 1215 445 1255 suo
477 1215 686 1255 admodum
718 1214 870 1254 ridicule
903 1214 1041 1266 offert,
1074 1213 1214 1269 saepius
1239 1216 1400 1269 contigit
1419 1224 1465 1256 vt

156 1290 235 1317 vno
265 1278 340 1318 ictu
371 1280 546 1319 caderent
568 1310 578 1329 ‚
613 1290 655 1318 ac
686 1278 720 1318 se
756 1286 927 1318 mortuos
960 1278 1203 1330 fimularent,
1236 1292 1349 1331 quam
1386 1279 1465 1332 pri-

154 1352 264 1380 mum
298 1354 390 1381 vero
424 1355 492 1382 nos
525 1354 613 1381 cum
633 1342 710 1382 aliis
735 1350 934 1393 occupatos
951 1341 1151 1394 videbant,
1194 1352 1349 1394 repente
1375 1342 1467 1382 affii-

156 1404 331 1455 giebant‚
367 1418 415 1445 ex
448 1419 524 1457 quo
555 1405 659 1445 nobis
694 1404 896 1458 apparebat
947 1402 1116 1444 dolosum
1169 1405 1277 1445 valde
1327 1404 1468 1446 animal

157 1465 228 1505 esse
248 1499 257 1516 ‚
289 1467 338 1506 de
372 1469 546 1509 industria
578 1468 684 1522 saepe
718 1470 757 1508 in
788 1466 969 1520 angustias
1001 1467 1216 1519 redegimus
1247 1467 1384 1521 absque
1411 1469 1469 1508 in-

158 1530 326 1570 tentione
358 1533 546 1583 nocendi,
583 1531 718 1572 deinde
752 1539 896 1584 paratas
929 1530 1146 1570 tenebamus
1179 1530 1330 1582 clatus,
1370 1531 1467 1570 iace-

163 1591 252 1631 bant
283 1593 367 1634 illae
399 1595 629 1637 blandientes
660 1603 698 1635 et
744 1594 906 1647 Vndique
957 1593 1296 1647 circumspicientes
1314 1625 1325 1644 ,
1369 1593 1470 1633 lente

158 1655 367 1698 admodum
399 1668 439 1699 et
470 1659 667 1700 humiliter
700 1671 835 1699 canum
854 1665 977 1698 ‘more
1011 1669 1077 1710 per
1119 1670 1188 1697 nos
1237 1657 1468 1708 transibant,

160 1728 272 1767 quam
310 1723 474 1771 primum
507 1735 600 1762 vero
633 1722 700 1762 sese
734 1721 901 1776 periculo
931 1720 1102 1761 liberatas
1150 1721 1360 1772 videbant,
1411 1720 1473 1774 ing

161 1779 327 1831 gentibus
357 1780 502 1822 saltibus
530 1784 575 1822 ad
611 1795 712 1823 mare
745 1783 1006 1838 properabant.

277 1874 422 1917 Stantes
451 1876 592 1917 collum
626 1878 820 1919 extensum
856 1878 996 1918 seruant
1028 1877 1073 1918 ad
1105 1891 1268 1932 corpus,
1287 1891 1329 1919 ac
1346 1875 1471 1935 poste-J

166 1941 254 1982 riori
286 1950 389 1995 parte
422 1940 606 1981 ulteriores
650 1942 743 1982 stant
792 1941 844 1982 ob
874 1942 1015 1996 pedum
1049 1940 1335 1997 longitudinem.

281 2067 424 2109 Natant
459 2068 578 2107 modo
612 2069 650 2108 in
683 2078 812 2109 ventre
832 2102 842 2121 ,
877 2070 998 2110 modo
1031 2069 1071 2109 in
1090 2083 1168 2111 vno
1204 2070 1315 2112 latere
1334 2105 1345 2124 ‚
1380 2072 1470 2113 mo-v

168 2134 220 2174 do
254 2132 289 2170 in
320 2132 428 2171 dorso
460 2130 624 2183 supinae,
643 2133 723 2172 imo
757 2134 890 2174 stantes
907 2134 953 2175 ad
972 2134 1281 2188 perpendiculum
1315 2145 1439 2178 natant
1457 2167 1467 2187 ,

234 2196 353 2237 Tom.
386 2194 439 2236 11.
462 2194 567 2238 Nou.
587 2193 812 2238 comment,
1031 2196 1075 2237 D
1106 2197 1131 2238 d
1167 2198 1192 2240 d
1394 2210 1471 2238 vna
