1971 2700
454 196 539 241 DE
566 192 827 242 wrm-ms
855 157 1172 239 PERFEcm.
1397 210 1455 249 93

297 309 332 359 ς.
359 319 428 357 13·
463 308 526 350 Ad
560 306 752 347 secundam
785 304 950 347 tabulam
987 306 1089 360 quod
1136 307 1298 359 attinet,
1335 320 1379 349 ea
1426 311 1459 352 fis

151 372 312 428 amplius
346 373 438 413 tueri
469 382 547 411 non
580 369 683 409 valet
701 402 714 422 ,
744 371 923 423 quoniam
958 370 1078 422 priori
1107 369 1348 423 superstructa
1381 372 1455 424 est,

153 447 193 477 et
225 435 429 477 necessario
458 445 630 474 corruere
673 433 786 473 debet
824 433 1071 473 fundamento
1109 434 1280 485 sublato,
1319 434 1460 476 scilicet

152 500 203 540 ob
234 511 412 541 numeros
443 507 532 537 ante
562 499 702 536 citatos
733 498 793 537 Μ
832 507 870 545 5.
918 509 959 545 9.
1008 502 1076 535 1'0.
1134 510 1201 536 12.
1259 511 1328 549 14.
1386 511 1456 547 ις,

150 575 231 603 non
263 564 406 617 primos
436 561 497 601 sed
529 559 792 613 compositos,
825 561 941 600 iidem
982 561 1132 601 numeri
1174 573 1254 601 non
1295 563 1459 616 amplius

148 636 257 667 erunt
288 625 444 679 pertetfti
464 655 474 672 ‚
509 624 570 663 sed
603 624 731 677 potius
759 625 997 664 abundantes.
1061 624 1128 664 Ex
1162 638 1328 665 numero
1361 638 1455 679 ergo

150 701 222 728 20.
257 688 508 742 pel-festorum
543 687 629 726 astu
662 690 704 725 6.
739 687 991 726 excluduntur
1009 718 1018 736 ,
1050 687 1187 738 reliqui
1220 698 1352 729 autem
1374 689 1458 729 sunt

148 752 306 806 perfecti
326 785 338 803 ,
369 761 433 791 aut
466 751 513 790 ad
554 751 757 790 minimum
801 748 935 798 dubii,
971 748 999 787 fi
1041 749 1196 801 quidem
1247 753 1459 791 admodum-

151 817 203 856 est
236 815 388 856 difficile
407 847 417 866 ,
449 826 521 854 nec
552 815 662 854 vnius
694 812 861 853 hominis
892 821 972 850 vita
998 810 1170 864 suppetet
1215 812 1260 851 ad
1295 813 1456 853 demon-

143 879 332 920 strandum
371 878 457 919 illos
488 887 553 918 aut
591 875 767 931 perfectis
787 908 799 928 ‚
833 883 896 915 aut
941 874 1210 914 abundantibus
1261 876 1457 916 accensen-

144 941 214 982 dos
246 940 333 983 effe.
1026 969 1029 971 —

281 1007 317 1055 §.
345 1018 413 1054 14.
450 1004 715 1045 Numerorum
737 1002 991 1056 perfeetorum
1027 1011 1133 1043 notas
1167 1011 1204 1042 et
1235 1013 1359 1056 partes
1389 1003 1457 1043 afi-

141 1078 277 1121 quotas
305 1069 407 1120 quod
440 1068 656 1116 concernit,
691 1077 785 1119 quae
804 1080 842 1119 p.
885 1079 949 1105 10.
989 1065 1246 1117 recensentur,
1266 1067 1352 1107 illae
1372 1079 1456 1106 am-

139 1131 235 1183 plius
267 1130 391 1170 valere
415 1142 494 1168 non
525 1128 701 1181 possunt,
734 1128 913 1180 quoniam
949 1130 1054 1180 supra
1090 1129 1124 1176 ξ.
1148 1139 1186 1175 5.
1221 1129 1456 1169 demonstra-

141 1194 265 1232 vimus
315 1193 354 1230 in
406 1195 576 1232 numeris
615 1191 884 1230 abundantibus
903 1223 914 1241 ,
946 1191 1073 1243 quales
1105 1189 1169 1230 hic
1203 1191 1283 1232 sunt
1317 1192 1378 1234 ΝΩ
1409 1203 1453 1241 5.

138 1266 180 1304 9.
206 1266 273 1292 10.
298 1265 366 1292 12.
394 1267 462 1304 14.
490 1264 553 1301 151
579 1264 777 1293 numerum
797 1256 955 1305 partium
985 1253 1233 1307 aliquotamm
1265 1257 1315 1296 ad
1340 1256 1456 1296 mini-

137 1329 246 1357 mum
269 1318 428 1356 totidem
448 1315 524 1356 aliis
542 1317 753 1369 augendum
773 1315 859 1357 effe.
894 1317 963 1358 Illa
980 1326 1104 1357 autem
1124 1318 1273 1358 auctori.
1300 1319 1456 1360 inserui-

136 1380 186 1431 it,
204 1388 251 1420 vt
269 1380 307 1418 in
327 1380 458 1420 limine
475 1380 585 1420 huius
602 1380 780 1433 epistolae
806 1379 982 1420 affereret
1027 1390 1158 1421 contra
1205 1381 1450 1423 Mersennum

136 1440 215 1497 (nil
233 1443 307 1482 tale
325 1444 558 1496 cogitantem
582 1443 641 1483 sed
667 1444 714 1483 de
735 1446 896 1484 numeris
914 1444 1049 1497 primis
1066 1445 1312 1496 loquentem)
1341 1478 1364 1496 „
1384 1459 1453 1485 nu·

134 1518 312 1558 „merum
332 1507 540 1559 perfectum
561 1519 629 1546 20.
651 1518 825 1547 notarum
860 1506 935 1547 effe
953 1506 1246 1560 impoffibilemf
1269 1510 1457 1561 quoniam.

138 1567 272 1620 „esua
308 1570 395 1610 (erie
429 1580 493 1610 aut
532 1585 599 1621 19.
622 1581 684 1610 aut
717 1583 787 1609 22.
824 1572 925 1610 notis
955 1570 1127 1610 consta-re
1160 1571 1332 1611 debebat.

275 1633 308 1680 §.
339 1644 407 1681 15.
442 1634 530 1674 Hoc
563 1643 607 1673 vt
640 1634 846 1687 probemus
879 1633 987 1673 nobis
1020 1632 1177 1674 sufficiat
1220 1635 1319 1674 circa
1361 1646 1453 1675 exa·-

143 1707 235 1734 men
267 1698 413 1736 numeri
457 1697 612 1750 perfecti
648 1699 687 1737 in
731 1697 862 1736 ordine
905 1696 1121 1736 duodecimi
1165 1710 1209 1750 p..
1252 1709 1322 1737 11.
1378 1710 1451 1747 74.

146 1757 237 1797 alias
268 1769 392 1810 partes
422 1760 604 1811 aliquotas
655 1761 788 1801 addere
810 1793 826 1810 ⁷
869 1772 964 1811 quae
1015 1761 1196 1799 euinmmt
1246 1773 1461 1801 numerum

141 1819 246 1859 hunc
278 1820 545 1860 duodecimum
567 1854 577 1872 ,
613 1835 724 1874 quem
766 1824 800 1861 se
845 1823 1014 1874 primum
1048 1821 1232 1862 inuenisse
1253 1856 1263 1873 ,
1297 1833 1360 1862 aut
1405 1824 1462 1864 ad:

142 1883 349 1922 minimum
383 1883 653 1924 demonstrasse
672 1897 760 1924 eum
795 1883 871 1923 effe
903 1885 1114 1936 perfeetum
1137 1917 1147 1935 ‚
1181 1884 1263 1925 Cel.
1301 1885 1483 1927 Audtor-

137 1945 203 1986 fibi
237 1945 455 1998 persuadere
489 1947 658 1998 videtur,
693 1947 903 1987 adiiciendo
936 1948 1032 1987 cir-ca
1065 1946 1189 1988 finem.
1220 1961 1305 2001 pag.
1340 1948 1453 1990 huius

140 2020 159 2046 1
175 2020 188 2045 1
204 2039 212 2045 .
234 2008 311 2046 hoc
331 2008 622 2060 Fipiphonema:
646 2010 702 2048 En
720 2020 903 2049 numerum
923 2013 1083 2063 primum
1107 2011 1259 2066 pexfecli
1285 2012 1450 2054 duodeci.-

135 2070 187 2110 mi
212 2070 493 2124 produaorem!
527 2073 580 2113 nil
614 2073 736 2113 minus
769 2070 843 2111 effe
875 2085 990 2125 quam
1022 2071 1262 2125 perfectum,
1295 2076 1351 2114 ied
1375 2089 1448 2129 po·

136 2134 208 2174 tius
238 2133 503 2176 abundantem,

748 2197 798 2240 M
831 2208 859 2245 3,
1207 2205 1449 2251 4135306nr
