1971 2700
261 202 693 253 EXPERIMENTA
723 203 806 250 ET
836 203 1255 254 CONSECTARIA.
1332 225 1357 252 2
1364 225 1426 265 39

114 333 162 363 na
195 322 280 376 post
316 334 336 373 5
376 324 483 375 dies,
514 319 684 362 cannabis
716 319 800 372 post
836 327 879 363 8.
933 319 987 362 ‘In
1009 318 1118 374 scobe
1148 322 1296 378 ltgnect,
1324 333 1429 365 vtra-

113 398 183 439 que
213 386 296 439 post
327 387 404 427 dies
438 396 478 435 5.
542 383 585 424 In
617 384 834 426 carbonibus
866 385 912 426 ad
945 385 1140 439 puluerem
1178 397 1334 429 tenuem
1362 401 1427 428 re-

114 450 230 489 dacstis
249 481 261 501 ,
291 462 405 490 auena
432 448 508 490 sola
539 448 623 501 post
653 449 732 488 dies
765 457 806 496 7.
874 448 921 489 In
953 448 1112 490 chartae
1142 452 1254 505 copia
1273 484 1285 504 ,
1320 461 1428 493 tenu-

114 512 231 553 iffime
248 513 392 554 diflesta
409 544 422 564 ,
437 513 608 552 cannab1s
624 511 709 564 post
725 512 801 552 dies
824 518 865 554 8.
897 511 941 552 In
960 525 1104 555 auenae
1128 515 1240 568 ipsius
1257 516 1428 569 congesta

115 578 224 629 copia
256 588 372 616 auena
389 575 474 615 'sola
504 574 591 629 post
627 575 704 615 dies
739 582 777 617 8.
845 576 892 617 In
925 577 1079 618 diflesto
1116 578 1227 634 foeno
1248 611 1258 631 ‚
1307 591 1426 620 auena

116 640 189 680 sola
223 639 307 693 post
335 638 412 679 dies
447 651 516 690 14.
600 637 713 679 Nihil
744 651 840 679 vero
876 639 984 693 plane
1035 651 1142 682 extra
1172 641 1206 682 se
1237 641 1427 696 protruse-

117 713 198 743 runt
230 704 387 753 cineres,
419 714 441 742 e
472 701 627 742 fornace
642 702 820 756 collecti3
839 699 966 756 stobes
984 704 1165 759 ferreae3
1189 703 1423 760 grffypium3

115 779 253 807 arenae
285 775 408 819 partes
436 774 509 806 tres
541 765 675 806 mistae
703 778 791 806 cum
823 775 933 820 parte
974 778 1050 806 vna
1068 763 1168 818 salis
1210 769 1387 810 culinaris
1412 784 1425 822 ;

115 842 253 870 arenae
282 839 405 882 partes
433 829 528 869 duae
561 829 694 869 mistae
732 842 820 870 cum
871 837 978 883 parte
1008 831 1100 870 nitri
1132 843 1241 884 vna3
1291 833 1430 872 cineres

113 892 328 946 clauellatl3
368 892 510 949 farina
541 893 728 934 ordinaria
743 925 755 946 ,
789 904 840 932 ex
873 905 943 947 qua
975 894 1081 947 panis
1112 892 1298 948 coquitur.
1362 894 1429 936 Ex

114 956 195 1010 pist)
212 989 224 1009 ‚
244 954 421 1012 spongiae
451 956 546 997 bene
582 956 683 1010 prius
734 955 857 996 elotae
905 957 1046 996 intruso
1064 989 1075 1008 ,
1114 968 1154 998 et
1186 957 1356 1011 legitime
1380 959 1433 999 ir·

114 1020 236 1073 rigato
252 1053 264 1071 ,
297 1020 444 1060 educaui
475 1020 673 1073 aliquando
705 1019 890 1071 integram
929 1018 1135 1072 plantulam
1156 1053 1167 1073 ,
1214 1020 1314 1061 foliis
1346 1021 1429 1074 qui-

115 1084 209 1123 dem
228 1083 350 1123 multo
381 1083 610 1123 tennioribus
629 1115 641 1133 ,
671 1094 785 1136 quam
819 1082 858 1122 in
892 1082 1008 1122 hortis
1040 1083 1111 1122 effe
1153 1082 1269 1123 solent
1290 1117 1301 1136 ,
1333 1096 1429 1137 quae

114 1156 153 1185 et
183 1146 296 1186 flores
327 1155 365 1185 et
395 1145 532 1186 fruetus
564 1144 760 1198 proferret.
826 1145 935 1184 Tum
972 1145 1108 1185 deinde
1152 1146 1194 1185 in
1240 1157 1429 1200 conuentu

110 1208 341 1248 Academiae
371 1207 576 1257 ordinario,
607 1207 646 1246 d.
683 1219 706 1244 2
716 1216 739 1253 5
773 1206 932 1258 Augusti
966 1214 1085 1257 1738
1124 1207 1279 1261 habito,
1310 1221 1427 1251 mon-

113 1270 221 1311 straui
254 1268 373 1321 pisum
393 1299 407 1319 ‚
439 1267 538 1322 quod
571 1280 689 1322 cepae
718 1269 888 1309 arundini
935 1268 1094 1323 stiperne
1140 1272 1323 1326 abruptae
1367 1274 1429 1315 in-

110 1332 263 1372 haerens
283 1362 295 1382 ,
330 1330 441 1372 flores
471 1341 511 1372 et
541 1331 677 1372 herbas
705 1344 812 1373 extra
842 1332 943 1373 hane
980 1335 1185 1376 cauitatem
1235 1337 1396 1389 protulit
1413 1370 1429 1391 2

108 1396 250 1436 radices
277 1403 404 1435 autem
436 1393 511 1436 suas
533 1427 546 1448 ‚
579 1408 669 1437 cum
702 1397 824 1437 radice
852 1396 1004 1438 bulbosa
1036 1411 1155 1455 cepae
1185 1400 1429 1453 coniunctas,

111 1468 227 1500 terrae
257 1457 427 1500 immisit.
1256 1482 1258 1484 ’

455 1519 937 1600 ExperImentum
977 1520 1082 1579 IX.

249 1647 366 1689 Anno
402 1656 533 1700 1748.
567 1649 692 1692 menie
727 1649 880 1704 Aprili,
913 1649 1136 1704 vasculum,
1168 1649 1269 1705 quod
1301 1650 1427 1706 paral-

114 1710 311 1764 lelepipedi
343 1711 508 1753 formam
541 1714 694 1754 tenebat
711 1746 722 1766 ,
756 1723 796 1755 et
829 1714 929 1754 cuius
970 1714 1087 1755 sectio
1135 1714 1319 1756 verticalis
1362 1727 1430 1755 re-

115 1773 361 1827 praesentatur
393 1778 432 1814 in
464 1775 617 1816 ABD
636 1775 669 1816 C
690 1809 701 1828 ‚
733 1777 814 1829 Fig.
847 1776 923 1817 111.
966 1767 1108 1830 repleni
1150 1787 1249 1819 terra
1291 1778 1424 1818 hortu-

113 1837 209 1877 lana.
272 1837 523 1878 Altitudinem
557 1836 592 1878 C
610 1839 647 1878 A
681 1839 834 1878 tenebat
873 1838 1064 1880 vasculum
1102 1840 1177 1880 hoc
1207 1841 1304 1881 circa
1346 1855 1363 1880 1
1405 1846 1424 1891 ξ

113 1899 206 1954 poll.
239 1899 388 1955 fflperne
419 1910 546 1941 autem
565 1910 646 1942 tam
677 1901 778 1955 apud
810 1901 847 1941 E
868 1933 879 1953 ‚
915 1914 1027 1956 quam
1059 1903 1202 1943 inferne
1244 1903 1425 1956 apudF²

112 1963 298 2016 pertusum
329 1971 410 2004 erat
441 1963 626 2004 foramine
659 1963 740 2005 satis
771 1964 922 2018 amplo,
952 1965 1135 2019 pollicem
1168 1967 1307 2020 quippe
1330 1980 1421 2021 qua-

110 2027 257 2067 dratum
289 2037 514 2080 occupante.
579 2026 626 2067 In
663 2038 779 2067 terrae
819 2029 964 2081 vtrique'
1003 2027 1089 2068 huic
1129 2028 1306 2070 foramini
1343 2031 1403 2071 im

110 2091 286 2131 minentis
319 2090 518 2141 medium,
560 2089 692 2130 exacte
738 2099 927 2144 captum,
982 2087 1054 2142 G,
1105 2092 1249 2132 immisi
1303 2093 1420 2146 pisum

110 2153 260 2208 vulgare
290 2154 327 2196 d.
368 2165 437 2194 12.
469 2153 613 2208 Aprilis
645 2153 688 2194 st.
723 2166 761 2194 n.
797 2154 898 2195 inter
930 2154 1021 2195 duas
1059 2153 1270 2210 superficies.
1303 2167 1421 2197 terrae

1314 2221 1353 2260 E
1383 2228 1425 2257 et
