<?xml version="1.0" encoding="UTF-8"?>
<!DOCTYPE html PUBLIC "-//W3C//DTD XHTML 1.0 Transitional//EN"
    "http://www.w3.org/TR/xhtml1/DTD/xhtml1-transitional.dtd">
<html xmlns="http://www.w3.org/1999/xhtml" xml:lang="en" lang="en">
 <head>
  <title>
</title>
<meta http-equiv="Content-Type" content="text/html;charset=utf-8" />
  <meta name='ocr-system' content='tesseract 3.04.00' />
  <meta name='ocr-capabilities' content='ocr_page ocr_carea ocr_par ocr_line ocrx_word'/>
</head>
<body>
  <div class='ocr_page' id='page_1' title='image "./novicommentariac02impe_0397.png"; bbox 0 0 1971 2700; ppageno 0'>
   <div class='ocr_carea' id='block_1_1' title="bbox 453 170 1412 230">
    <p class='ocr_par' dir='ltr' id='par_1_1' title="bbox 453 170 1412 230">
     <span class='ocr_line' id='line_1_1' title="bbox 453 170 1412 230; baseline 0.004 -10"><span class='ocrx_word' id='word_1_1' title='bbox 453 173 537 220; x_wconf 89' lang='lat' dir='ltr'><strong>DE</strong></span> <span class='ocrx_word' id='word_1_2' title='bbox 568 170 782 217; x_wconf 83' lang='lat' dir='ltr'><strong><em>BESTIIS</em></strong></span> <span class='ocrx_word' id='word_1_3' title='bbox 813 173 1075 222; x_wconf 82' lang='lat' dir='ltr'><strong><em>MARINIS.</em></strong></span> <span class='ocrx_word' id='word_1_4' title='bbox 1332 183 1412 230; x_wconf 77' lang='lat'><strong>361</strong></span> 
     </span>
    </p>
   </div>
   <div class='ocr_carea' id='block_1_2' title="bbox 82 284 1420 1291">
    <p class='ocr_par' dir='ltr' id='par_1_2' title="bbox 96 284 1420 591">
     <span class='ocr_line' id='line_1_2' title="bbox 103 284 1419 342; baseline 0 -9"><span class='ocrx_word' id='word_1_5' title='bbox 103 299 147 333; x_wconf 78' lang='lat' dir='ltr'><strong>tu</strong></span> <span class='ocrx_word' id='word_1_6' title='bbox 197 288 284 331; x_wconf 85' lang='lat' dir='ltr'><strong>vrfis</strong></span> <span class='ocrx_word' id='word_1_7' title='bbox 316 286 476 331; x_wconf 83' lang='lat' dir='ltr'><strong>marinis.</strong></span> <span class='ocrx_word' id='word_1_8' title='bbox 534 285 683 339; x_wconf 72' lang='lat' dir='ltr'><strong>&#39;Pupilla</strong></span> <span class='ocrx_word' id='word_1_9' title='bbox 717 284 980 340; x_wconf 77' lang='lat' dir='ltr'><strong>fiilgentiffirna</strong></span> <span class='ocrx_word' id='word_1_10' title='bbox 1010 284 1204 342; x_wconf 84' lang='lat' dir='ltr'><strong>Smaragdi</strong></span> <span class='ocrx_word' id='word_1_11' title='bbox 1232 289 1346 332; x_wconf 83' lang='lat' dir='ltr'><strong>instar</strong></span> <span class='ocrx_word' id='word_1_12' title='bbox 1364 293 1419 334; x_wconf 90' lang='lat' dir='ltr'><strong>lu-</strong></span> 
     </span>
     <span class='ocr_line' id='line_1_3' title="bbox 96 349 1418 410; baseline 0 -14"><span class='ocrx_word' id='word_1_13' title='bbox 96 366 192 409; x_wconf 51' lang='lat' dir='ltr'><strong>scet3</strong></span> <span class='ocrx_word' id='word_1_14' title='bbox 224 354 403 408; x_wconf 89' lang='lat' dir='ltr'><strong>reliquum</strong></span> <span class='ocrx_word' id='word_1_15' title='bbox 435 361 554 392; x_wconf 88' lang='lat' dir='ltr'><strong>omne</strong></span> <span class='ocrx_word' id='word_1_16' title='bbox 586 349 783 390; x_wconf 89' lang='lat' dir='ltr'><strong>oculorum</strong></span> <span class='ocrx_word' id='word_1_17' title='bbox 800 383 804 386; x_wconf 91' lang='lat'>.</span> <span class='ocrx_word' id='word_1_18' title='bbox 824 350 946 391; x_wconf 76' lang='lat' dir='ltr'><strong>eborIs</strong></span> <span class='ocrx_word' id='word_1_19' title='bbox 978 351 1074 393; x_wconf 90' lang='lat' dir='ltr'><strong>terso</strong></span> <span class='ocrx_word' id='word_1_20' title='bbox 1120 352 1248 394; x_wconf 84' lang='lat' dir='ltr'>albore</span> <span class='ocrx_word' id='word_1_21' title='bbox 1295 356 1391 396; x_wconf 86' lang='lat' dir='ltr'><strong>niter</strong></span> <span class='ocrx_word' id='word_1_22' title='bbox 1407 389 1418 410; x_wconf 87' lang='lat'><strong>,</strong></span> 
     </span>
     <span class='ocr_line' id='line_1_4' title="bbox 106 413 1418 471; baseline 0 -11"><span class='ocrx_word' id='word_1_23' title='bbox 106 419 303 471; x_wconf 87' lang='lat' dir='ltr'><strong>multisque</strong></span> <span class='ocrx_word' id='word_1_24' title='bbox 333 414 542 456; x_wconf 84' lang='lat' dir='ltr'><strong>tenerrimis</strong></span> <span class='ocrx_word' id='word_1_25' title='bbox 572 413 829 454; x_wconf 82' lang='lat' dir='ltr'><strong>arteriolarum</strong></span> <span class='ocrx_word' id='word_1_26' title='bbox 861 415 1070 457; x_wconf 76' lang='lat' dir='ltr'>ramusculis</span> <span class='ocrx_word' id='word_1_27' title='bbox 1102 416 1259 470; x_wconf 90' lang='lat' dir='ltr'><strong>pulchre</strong></span> <span class='ocrx_word' id='word_1_28' title='bbox 1293 420 1418 460; x_wconf 81' lang='lat' dir='ltr'><strong>varie·</strong></span> 
     </span>
     <span class='ocr_line' id='line_1_5' title="bbox 104 477 1420 536; baseline 0.002 -14"><span class='ocrx_word' id='word_1_29' title='bbox 104 492 222 536; x_wconf 82' lang='lat' dir='ltr'><strong>gatur.</strong></span> <span class='ocrx_word' id='word_1_30' title='bbox 286 477 434 521; x_wconf 80' lang='lat' dir='ltr'>Gaudet</span> <span class='ocrx_word' id='word_1_31' title='bbox 466 478 559 529; x_wconf 78' lang='lat' dir='ltr'><strong>ciliis</strong></span> <span class='ocrx_word' id='word_1_32' title='bbox 591 487 634 517; x_wconf 84' lang='lat' dir='ltr'><strong>et</strong></span> <span class='ocrx_word' id='word_1_33' title='bbox 664 478 867 532; x_wconf 71' lang='lat' dir='ltr'><strong>panniculo</strong></span> <span class='ocrx_word' id='word_1_34' title='bbox 896 479 1051 521; x_wconf 83' lang='lat' dir='ltr'><strong>carnoso</strong></span> <span class='ocrx_word' id='word_1_35' title='bbox 1083 481 1122 520; x_wconf 91' lang='lat' dir='ltr'><strong>in</strong></span> <span class='ocrx_word' id='word_1_36' title='bbox 1155 480 1296 523; x_wconf 84' lang='lat' dir='ltr'><strong>cantho</strong></span> <span class='ocrx_word' id='word_1_37' title='bbox 1333 496 1420 524; x_wconf 81' lang='lat' dir='ltr'><strong>ma-</strong></span> 
     </span>
     <span class='ocr_line' id='line_1_6' title="bbox 104 545 645 591; baseline -0.009 -5"><span class='ocrx_word' id='word_1_38' title='bbox 104 547 175 586; x_wconf 87' lang='lat' dir='ltr'><strong>iori</strong></span> <span class='ocrx_word' id='word_1_39' title='bbox 204 545 410 586; x_wconf 84' lang='lat' dir='ltr'><strong>haerente..</strong></span> <span class='ocrx_word' id='word_1_40' title='bbox 642 589 645 591; x_wconf 20' lang='lat'><strong>¹</strong></span> 
     </span>
    </p>

    <p class='ocr_par' dir='ltr' id='par_1_3' title="bbox 103 604 1417 715">
     <span class='ocr_line' id='line_1_7' title="bbox 217 604 1417 666; baseline 0.003 -16"><span class='ocrx_word' id='word_1_41' title='bbox 217 607 418 651; x_wconf 83' lang='lat' dir='ltr'><strong>Auriculae</strong></span> <span class='ocrx_word' id='word_1_42' title='bbox 449 606 633 660; x_wconf 84' lang='lat' dir='ltr'><strong>conicae,</strong></span> <span class='ocrx_word' id='word_1_43' title='bbox 664 604 841 648; x_wconf 59' lang='lat' dir='ltr'><strong>surrectae</strong></span> <span class='ocrx_word' id='word_1_44' title='bbox 860 639 872 660; x_wconf 92' lang='lat'>‚</span> <span class='ocrx_word' id='word_1_45' title='bbox 904 605 1019 662; x_wconf 82' lang='lat' dir='ltr'><strong>sesqu&#39;i</strong></span> <span class='ocrx_word' id='word_1_46' title='bbox 1049 608 1203 664; x_wconf 88' lang='lat' dir='ltr'>pollices</span> <span class='ocrx_word' id='word_1_47' title='bbox 1249 609 1387 665; x_wconf 74' lang='lat' dir='ltr'><strong>longae</strong></span> <span class='ocrx_word' id='word_1_48' title='bbox 1405 644 1417 666; x_wconf 85' lang='lat'><strong>,</strong></span> 
     </span>
     <span class='ocr_line' id='line_1_8' title="bbox 103 670 526 715; baseline -0.012 -1"><span class='ocrx_word' id='word_1_49' title='bbox 103 681 147 715; x_wconf 73' lang='lat' dir='ltr'><strong>vt</strong></span> <span class='ocrx_word' id='word_1_50' title='bbox 179 673 218 714; x_wconf 88' lang='lat' dir='ltr'><strong>in</strong></span> <span class='ocrx_word' id='word_1_51' title='bbox 249 671 334 713; x_wconf 85' lang='lat' dir='ltr'><strong>vrso</strong></span> <span class='ocrx_word' id='word_1_52' title='bbox 364 670 526 711; x_wconf 84' lang='lat' dir='ltr'><strong>marino.</strong></span> 
     </span>
    </p>

    <p class='ocr_par' dir='ltr' id='par_1_4' title="bbox 82 732 1418 1291">
     <span class='ocr_line' id='line_1_9' title="bbox 216 732 1414 793; baseline 0.002 -16"><span class='ocrx_word' id='word_1_53' title='bbox 216 735 331 793; x_wconf 82' lang='lat' dir='ltr'><strong>Quod</strong></span> <span class='ocrx_word' id='word_1_54' title='bbox 360 744 508 788; x_wconf 68' lang='lat' dir='ltr'><strong>‘praeter</strong></span> <span class='ocrx_word' id='word_1_55' title='bbox 533 732 711 774; x_wconf 36' lang='lat' dir='ltr'><strong>&#39;colorem</strong></span> <span class='ocrx_word' id='word_1_56' title='bbox 744 742 783 774; x_wconf 89' lang='lat' dir='ltr'><strong>et</strong></span> <span class='ocrx_word' id='word_1_57' title='bbox 812 734 1114 788; x_wconf 81' lang='lat' dir='ltr'>magnitudinem</span> <span class='ocrx_word' id='word_1_58' title='bbox 1145 736 1285 777; x_wconf 79' lang='lat' dir='ltr'><strong>animal</strong></span> <span class='ocrx_word' id='word_1_59' title='bbox 1338 736 1414 779; x_wconf 86' lang='lat' dir='ltr'><strong>hoc</strong></span> 
     </span>
     <span class='ocr_line' id='line_1_10' title="bbox 96 796 1418 857; baseline -0.005 -16"><span class='ocrx_word' id='word_1_60' title='bbox 96 802 297 857; x_wconf 82' lang='lat' dir='ltr'><strong>praecipue</strong></span> <span class='ocrx_word' id='word_1_61' title='bbox 315 799 361 840; x_wconf 84' lang='lat' dir='ltr'><strong>ab</strong></span> <span class='ocrx_word' id='word_1_62' title='bbox 391 799 480 840; x_wconf 80' lang='lat' dir='ltr'><strong>vrsis</strong></span> <span class='ocrx_word' id='word_1_63' title='bbox 512 797 662 838; x_wconf 87' lang='lat' dir='ltr'><strong>marinis</strong></span> <span class='ocrx_word' id='word_1_64' title='bbox 692 796 913 852; x_wconf 87' lang='lat' dir='ltr'><strong>distinguit,</strong></span> <span class='ocrx_word' id='word_1_65' title='bbox 945 806 984 837; x_wconf 87' lang='lat' dir='ltr'><strong>et</strong></span> <span class='ocrx_word' id='word_1_66' title='bbox 1009 798 1125 839; x_wconf 88' lang='lat' dir='ltr'><strong>leonis</strong></span> <span class='ocrx_word' id='word_1_67' title='bbox 1146 811 1288 840; x_wconf 87' lang='lat' dir='ltr'><strong>nomen</strong></span> <span class='ocrx_word' id='word_1_68' title='bbox 1320 810 1418 840; x_wconf 91' lang='lat' dir='ltr'><strong>con-</strong></span> 
     </span>
     <span class='ocr_line' id='line_1_11' title="bbox 98 860 1415 917; baseline -0.001 -12"><span class='ocrx_word' id='word_1_69' title='bbox 98 861 407 916; x_wconf 61' lang='lat' dir='ltr'><strong>ciliauit52denst:</strong></span> <span class='ocrx_word' id='word_1_70' title='bbox 433 861 549 917; x_wconf 88' lang='lat' dir='ltr'><strong>pofiti</strong></span> <span class='ocrx_word' id='word_1_71' title='bbox 579 860 727 901; x_wconf 69' lang='lat' dir='ltr'><strong>surreffi</strong></span> <span class='ocrx_word' id='word_1_72' title='bbox 759 861 927 902; x_wconf 81' lang='lat' dir='ltr'><strong>vndulati</strong></span> <span class='ocrx_word' id='word_1_73' title='bbox 957 862 1026 915; x_wconf 87' lang='lat' dir='ltr'><strong>pili</strong></span> <span class='ocrx_word' id='word_1_74' title='bbox 1057 862 1167 915; x_wconf 87' lang='lat' dir='ltr'><strong>sunt,</strong></span> <span class='ocrx_word' id='word_1_75' title='bbox 1199 863 1284 903; x_wconf 90' lang='lat' dir='ltr'><strong>colli</strong></span> <span class='ocrx_word' id='word_1_76' title='bbox 1314 865 1415 916; x_wconf 89' lang='lat' dir='ltr'><strong>peri-</strong></span> 
     </span>
     <span class='ocr_line' id='line_1_12' title="bbox 96 925 1418 982; baseline -0.001 -13"><span class='ocrx_word' id='word_1_77' title='bbox 96 929 271 982; x_wconf 86' lang='lat' dir='ltr'><strong>pheriam</strong></span> <span class='ocrx_word' id='word_1_78' title='bbox 297 935 496 981; x_wconf 71' lang='lat' dir='ltr'><strong>augentes,</strong></span> <span class='ocrx_word' id='word_1_79' title='bbox 525 936 601 965; x_wconf 87' lang='lat' dir='ltr'><strong>nec</strong></span> <span class='ocrx_word' id='word_1_80' title='bbox 619 927 797 978; x_wconf 85' lang='lat' dir='ltr'><strong>exiguam</strong></span> <span class='ocrx_word' id='word_1_81' title='bbox 824 925 972 966; x_wconf 80' lang='lat' dir='ltr'><strong>formae</strong></span> <span class='ocrx_word' id='word_1_82' title='bbox 988 925 1307 979; x_wconf 88' lang='lat' dir='ltr'><strong>pulchritudinem</strong></span> <span class='ocrx_word' id='word_1_83' title='bbox 1326 926 1418 968; x_wconf 66' lang='lat' dir='ltr'><strong>affe»</strong></span> 
     </span>
     <span class='ocr_line' id='line_1_13' title="bbox 97 988 1414 1045; baseline -0.001 -13"><span class='ocrx_word' id='word_1_84' title='bbox 97 1001 218 1032; x_wconf 85' lang='lat' dir='ltr'><strong>rentes</strong></span> <span class='ocrx_word' id='word_1_85' title='bbox 238 1024 249 1044; x_wconf 92' lang='lat'><strong>,</strong></span> <span class='ocrx_word' id='word_1_86' title='bbox 280 991 402 1045; x_wconf 89' lang='lat' dir='ltr'><strong>quales</strong></span> <span class='ocrx_word' id='word_1_87' title='bbox 428 999 471 1031; x_wconf 68' lang='lat' dir='ltr'><strong>‘et</strong></span> <span class='ocrx_word' id='word_1_88' title='bbox 499 989 542 1029; x_wconf 83' lang='lat' dir='ltr'><strong>in</strong></span> <span class='ocrx_word' id='word_1_89' title='bbox 575 989 684 1029; x_wconf 88' lang='lat' dir='ltr'><strong>leone</strong></span> <span class='ocrx_word' id='word_1_90' title='bbox 722 988 884 1028; x_wconf 81' lang='lat' dir='ltr'><strong>&#39;terrestri</strong></span> <span class='ocrx_word' id='word_1_91' title='bbox 910 1001 1021 1029; x_wconf 80' lang='lat' dir='ltr'><strong>mare</strong></span> <span class='ocrx_word' id='word_1_92' title='bbox 1072 998 1267 1029; x_wconf 87' lang='lat' dir='ltr'><strong>cernuntur</strong></span> <span class='ocrx_word' id='word_1_93' title='bbox 1286 1021 1298 1041; x_wconf 90' lang='lat'><strong>,</strong></span> <span class='ocrx_word' id='word_1_94' title='bbox 1329 989 1414 1031; x_wconf 64' lang='lat' dir='ltr'><strong>&gt;foe-</strong></span> 
     </span>
     <span class='ocr_line' id='line_1_14' title="bbox 96 1051 1412 1106; baseline -0.001 -11"><span class='ocrx_word' id='word_1_95' title='bbox 96 1055 233 1095; x_wconf 86' lang='lat' dir='ltr'><strong>mellae</strong></span> <span class='ocrx_word' id='word_1_96' title='bbox 264 1063 390 1094; x_wconf 84' lang='lat' dir='ltr'><strong>autem</strong></span> <span class='ocrx_word' id='word_1_97' title='bbox 415 1054 477 1094; x_wconf 58' lang='lat' dir='ltr'><strong>‘his</strong></span> <span class='ocrx_word' id='word_1_98' title='bbox 508 1062 633 1092; x_wconf 83' lang='lat' dir='ltr'><strong>carent</strong></span> <span class='ocrx_word' id='word_1_99' title='bbox 649 1081 667 1103; x_wconf 62' lang='lat'>³</span> <span class='ocrx_word' id='word_1_100' title='bbox 695 1051 886 1105; x_wconf 63' lang='lat' dir='ltr'><strong>‘graciliori</strong></span> <span class='ocrx_word' id='word_1_101' title='bbox 917 1052 1021 1092; x_wconf 88' lang='lat' dir='ltr'><strong>collo</strong></span> <span class='ocrx_word' id='word_1_102' title='bbox 1052 1064 1093 1092; x_wconf 83' lang='lat' dir='ltr'><strong>ac</strong></span> <span class='ocrx_word' id='word_1_103' title='bbox 1131 1064 1292 1106; x_wconf 88' lang='lat' dir='ltr'><strong>corpore</strong></span> <span class='ocrx_word' id='word_1_104' title='bbox 1333 1052 1412 1094; x_wconf 89' lang='lat' dir='ltr'><strong>sunt</strong></span> 
     </span>
     <span class='ocr_line' id='line_1_15' title="bbox 89 1115 1410 1169; baseline -0.002 -12"><span class='ocrx_word' id='word_1_105' title='bbox 89 1116 289 1167; x_wconf 83' lang='lat' dir='ltr'><strong>masculis,</strong></span> <span class='ocrx_word' id='word_1_106' title='bbox 322 1117 456 1169; x_wconf 77' lang='lat' dir='ltr'><strong>reliqua</strong></span> <span class='ocrx_word' id='word_1_107' title='bbox 489 1117 618 1156; x_wconf 83' lang='lat' dir='ltr'><strong>omnia</strong></span> <span class='ocrx_word' id='word_1_108' title='bbox 650 1125 728 1155; x_wconf 88' lang='lat' dir='ltr'><strong>tam</strong></span> <span class='ocrx_word' id='word_1_109' title='bbox 763 1123 933 1164; x_wconf 85' lang='lat' dir='ltr'><strong>externa,</strong></span> <span class='ocrx_word' id='word_1_110' title='bbox 965 1126 1078 1166; x_wconf 87' lang='lat' dir='ltr'><strong>quam</strong></span> <span class='ocrx_word' id='word_1_111' title='bbox 1114 1115 1261 1154; x_wconf 82' lang='lat' dir='ltr'><strong>interna</strong></span> <span class='ocrx_word' id='word_1_112' title='bbox 1295 1126 1410 1168; x_wconf 83' lang='lat' dir='ltr'><strong>vsque</strong></span> 
     </span>
     <span class='ocr_line' id='line_1_16' title="bbox 94 1174 1409 1229; baseline -0.001 -9"><span class='ocrx_word' id='word_1_113' title='bbox 94 1181 191 1220; x_wconf 83' lang='lat' dir='ltr'><strong>adeo</strong></span> <span class='ocrx_word' id='word_1_114' title='bbox 223 1177 452 1217; x_wconf 67' lang='lat' dir='ltr'><strong>exactissime</strong></span> <span class='ocrx_word' id='word_1_115' title='bbox 476 1187 573 1215; x_wconf 61' lang='lat' dir='ltr'><strong>‘cum</strong></span> <span class='ocrx_word' id='word_1_116' title='bbox 601 1174 691 1214; x_wconf 54' lang='lat' dir='ltr'><strong>‘vrso</strong></span> <span class='ocrx_word' id='word_1_117' title='bbox 717 1176 874 1215; x_wconf 47' lang='lat' dir='ltr'><strong>*marino</strong></span> <span class='ocrx_word' id='word_1_118' title='bbox 903 1174 1116 1229; x_wconf 85' lang='lat' dir='ltr'><strong>conspirant</strong></span> <span class='ocrx_word' id='word_1_119' title='bbox 1132 1208 1146 1229; x_wconf 89' lang='lat'><strong>,</strong></span> <span class='ocrx_word' id='word_1_120' title='bbox 1199 1187 1244 1218; x_wconf 81' lang='lat' dir='ltr'><strong>vt</strong></span> <span class='ocrx_word' id='word_1_121' title='bbox 1275 1177 1409 1220; x_wconf 85' lang='lat' dir='ltr'><strong>verbo-</strong></span> 
     </span>
     <span class='ocr_line' id='line_1_17' title="bbox 82 1236 1083 1291; baseline 0.003 -13"><span class='ocrx_word' id='word_1_122' title='bbox 82 1242 148 1282; x_wconf 83' lang='lat' dir='ltr'><strong>:sus</strong></span> <span class='ocrx_word' id='word_1_123' title='bbox 176 1239 292 1282; x_wconf 57' lang='lat' dir='ltr'><strong>(ultim</strong></span> <span class='ocrx_word' id='word_1_124' title='bbox 319 1239 522 1291; x_wconf 77' lang='lat' dir='ltr'><strong>euaderet,</strong></span> <span class='ocrx_word' id='word_1_125' title='bbox 548 1238 616 1291; x_wconf 46' lang='lat' dir='ltr'><strong>&#39;qui</strong></span> <span class='ocrx_word' id='word_1_126' title='bbox 642 1236 753 1291; x_wconf 81' lang='lat' dir='ltr'><strong>plura</strong></span> <span class='ocrx_word' id='word_1_127' title='bbox 777 1238 939 1280; x_wconf 63' lang='lat' dir='ltr'><strong>riddere&#39;</strong></span> <span class='ocrx_word' id='word_1_128' title='bbox 952 1239 1083 1281; x_wconf 80' lang='lat' dir='ltr'><strong>vellet.</strong></span> 
     </span>
    </p>
   </div>
   <div class='ocr_carea' id='block_1_3' title="bbox 211 1320 1268 1397">
    <p class='ocr_par' dir='ltr' id='par_1_5' title="bbox 211 1320 1268 1397">
     <span class='ocr_line' id='line_1_18' title="bbox 211 1320 1268 1397; baseline 0.002 -4"><span class='ocrx_word' id='word_1_129' title='bbox 211 1350 490 1396; x_wconf 79' lang='lat' dir='ltr'>&#39;HISTORIA</span> <span class='ocrx_word' id='word_1_130' title='bbox 523 1320 739 1394; x_wconf 69' lang='lat' dir='ltr'>M&#39;onM</span> <span class='ocrx_word' id='word_1_131' title='bbox 768 1349 938 1394; x_wconf 76' lang='lat' dir='ltr'><strong>Hvrvs</strong></span> <span class='ocrx_word' id='word_1_132' title='bbox 971 1351 1268 1397; x_wconf 78' lang='lat' dir='ltr'><strong>ANIMALIS.</strong></span> 
     </span>
    </p>
   </div>
   <div class='ocr_carea' id='block_1_4' title="bbox 84 1444 1405 2253">
    <p class='ocr_par' dir='ltr' id='par_1_6' title="bbox 84 1444 1405 2200">
     <span class='ocr_line' id='line_1_19' title="bbox 206 1444 1402 1504; baseline 0.003 -17"><span class='ocrx_word' id='word_1_133' title='bbox 206 1448 386 1504; x_wconf 79' lang='lat' dir='ltr'><strong>Quamuis</strong></span> <span class='ocrx_word' id='word_1_134' title='bbox 416 1447 508 1488; x_wconf 79' lang='lat' dir='ltr'><strong>haec</strong></span> <span class='ocrx_word' id='word_1_135' title='bbox 542 1444 653 1488; x_wconf 80' lang='lat' dir='ltr'><strong>bestia</strong></span> <span class='ocrx_word' id='word_1_136' title='bbox 705 1446 852 1501; x_wconf 67' lang='lat' dir='ltr'><strong>aspectu</strong></span> <span class='ocrx_word' id='word_1_137' title='bbox 903 1448 1095 1492; x_wconf 78' lang='lat' dir='ltr'><strong>&#39;horribilis</strong></span> <span class='ocrx_word' id='word_1_138' title='bbox 1145 1451 1313 1492; x_wconf 73' lang='lat' dir='ltr'><strong>animoffi</strong></span> <span class='ocrx_word' id='word_1_139' title='bbox 1345 1450 1402 1491; x_wconf 76' lang='lat' dir='ltr'><strong>vi-</strong></span> 
     </span>
     <span class='ocr_line' id='line_1_20' title="bbox 84 1511 1405 1565; baseline 0.002 -13"><span class='ocrx_word' id='word_1_140' title='bbox 84 1511 218 1552; x_wconf 61' lang='lat' dir='ltr'><strong>&#39;deatur</strong></span> <span class='ocrx_word' id='word_1_141' title='bbox 239 1544 250 1562; x_wconf 87' lang='lat'><strong>,</strong></span> <span class='ocrx_word' id='word_1_142' title='bbox 283 1512 445 1565; x_wconf 86' lang='lat' dir='ltr'><strong>viribus,</strong></span> <span class='ocrx_word' id='word_1_143' title='bbox 486 1512 591 1552; x_wconf 87' lang='lat' dir='ltr'><strong>mole</strong></span> <span class='ocrx_word' id='word_1_144' title='bbox 610 1544 621 1564; x_wconf 89' lang='lat'><strong>,</strong></span> <span class='ocrx_word' id='word_1_145' title='bbox 656 1512 900 1565; x_wconf 81' lang='lat' dir='ltr'><strong>partiumque</strong></span> <span class='ocrx_word' id='word_1_146' title='bbox 947 1515 1080 1555; x_wconf 90' lang='lat' dir='ltr'><strong>robore</strong></span> <span class='ocrx_word' id='word_1_147' title='bbox 1128 1514 1229 1555; x_wconf 80' lang='lat' dir='ltr'><strong>vrsos</strong></span> <span class='ocrx_word' id='word_1_148' title='bbox 1279 1514 1405 1555; x_wconf 86' lang='lat' dir='ltr'><strong>multis</strong></span> 
     </span>
     <span class='ocr_line' id='line_1_21' title="bbox 91 1571 1403 1631; baseline 0.003 -18"><span class='ocrx_word' id='word_1_149' title='bbox 91 1573 292 1628; x_wconf 73' lang='lat' dir='ltr'><strong>parafimgis</strong></span> <span class='ocrx_word' id='word_1_150' title='bbox 322 1571 542 1627; x_wconf 72' lang='lat' dir='ltr'><strong>antecellat,</strong></span> <span class='ocrx_word' id='word_1_151' title='bbox 577 1574 742 1630; x_wconf 80' lang='lat' dir='ltr'><strong>superatu</strong></span> <span class='ocrx_word' id='word_1_152' title='bbox 774 1574 965 1629; x_wconf 86' lang='lat' dir='ltr'><strong>difficilis,</strong></span> <span class='ocrx_word' id='word_1_153' title='bbox 998 1578 1037 1618; x_wconf 89' lang='lat' dir='ltr'><strong>in</strong></span> <span class='ocrx_word' id='word_1_154' title='bbox 1071 1578 1249 1631; x_wconf 79' lang='lat' dir='ltr'><strong>angustias</strong></span> <span class='ocrx_word' id='word_1_155' title='bbox 1298 1579 1403 1618; x_wconf 79' lang='lat' dir='ltr'><strong>reda-</strong></span> 
     </span>
     <span class='ocr_line' id='line_1_22' title="bbox 91 1637 1401 1693; baseline 0.002 -16"><span class='ocrx_word' id='word_1_156' title='bbox 91 1637 152 1677; x_wconf 73' lang='grc' dir='ltr'><strong>ἂτι</strong></span> <span class='ocrx_word' id='word_1_157' title='bbox 202 1638 441 1679; x_wconf 86' lang='lat' dir='ltr'><strong>crudeliffime</strong></span> <span class='ocrx_word' id='word_1_158' title='bbox 490 1649 661 1693; x_wconf 83' lang='lat' dir='ltr'><strong>pugnet,</strong></span> <span class='ocrx_word' id='word_1_159' title='bbox 710 1639 828 1679; x_wconf 85' lang='lat' dir='ltr'><strong>leonis</strong></span> <span class='ocrx_word' id='word_1_160' title='bbox 868 1640 989 1681; x_wconf 84' lang='lat' dir='ltr'><strong>ideam</strong></span> <span class='ocrx_word' id='word_1_161' title='bbox 1043 1642 1160 1683; x_wconf 90' lang='lat' dir='ltr'><strong>oculis</strong></span> <span class='ocrx_word' id='word_1_162' title='bbox 1192 1650 1230 1682; x_wconf 85' lang='lat' dir='ltr'><strong>et</strong></span> <span class='ocrx_word' id='word_1_163' title='bbox 1280 1643 1401 1681; x_wconf 88' lang='lat' dir='ltr'><strong>menti</strong></span> 
     </span>
     <span class='ocr_line' id='line_1_23' title="bbox 91 1701 1403 1760; baseline 0.004 -21"><span class='ocrx_word' id='word_1_164' title='bbox 91 1701 320 1753; x_wconf 84' lang='lat' dir='ltr'><strong>imprimat,</strong></span> <span class='ocrx_word' id='word_1_165' title='bbox 353 1702 517 1744; x_wconf 83' lang='lat' dir='ltr'><strong>hominis</strong></span> <span class='ocrx_word' id='word_1_166' title='bbox 543 1713 678 1745; x_wconf 76' lang='lat' dir='ltr'><strong>tamen</strong></span> <span class='ocrx_word' id='word_1_167' title='bbox 711 1702 900 1756; x_wconf 66' lang='lat' dir='ltr'><strong>aspestum</strong></span> <span class='ocrx_word' id='word_1_168' title='bbox 932 1705 1032 1745; x_wconf 71' lang='lat' dir='ltr'><strong>adeo</strong></span> <span class='ocrx_word' id='word_1_169' title='bbox 1065 1706 1327 1760; x_wconf 86' lang='lat' dir='ltr'><strong>pertimescit,</strong></span> <span class='ocrx_word' id='word_1_170' title='bbox 1360 1713 1403 1745; x_wconf 79' lang='lat' dir='ltr'><strong>vt</strong></span> 
     </span>
     <span class='ocr_line' id='line_1_24' title="bbox 91 1763 1402 1821; baseline 0.003 -19"><span class='ocrx_word' id='word_1_171' title='bbox 91 1763 155 1802; x_wconf 71' lang='lat' dir='ltr'><strong>vel</strong></span> <span class='ocrx_word' id='word_1_172' title='bbox 185 1763 414 1816; x_wconf 86' lang='lat' dir='ltr'><strong>elonginquo</strong></span> <span class='ocrx_word' id='word_1_173' title='bbox 447 1765 526 1804; x_wconf 80' lang='lat' dir='ltr'><strong>viso</strong></span> <span class='ocrx_word' id='word_1_174' title='bbox 556 1766 714 1806; x_wconf 85' lang='lat' dir='ltr'><strong>homine</strong></span> <span class='ocrx_word' id='word_1_175' title='bbox 744 1767 942 1820; x_wconf 84' lang='lat' dir='ltr'><strong>praecipiti</strong></span> <span class='ocrx_word' id='word_1_176' title='bbox 997 1769 1078 1821; x_wconf 79' lang='lat' dir='ltr'><strong>fuga</strong></span> <span class='ocrx_word' id='word_1_177' title='bbox 1127 1770 1195 1809; x_wconf 91' lang='lat' dir='ltr'><strong>sese</strong></span> <span class='ocrx_word' id='word_1_178' title='bbox 1229 1783 1250 1808; x_wconf 82' lang='lat' dir='ltr'>a</span> <span class='ocrx_word' id='word_1_179' title='bbox 1281 1770 1402 1808; x_wconf 85' lang='lat' dir='ltr'><strong>conti-</strong></span> 
     </span>
     <span class='ocr_line' id='line_1_25' title="bbox 91 1827 1400 1885; baseline 0.002 -19"><span class='ocrx_word' id='word_1_180' title='bbox 91 1836 202 1866; x_wconf 87' lang='lat' dir='ltr'><strong>nente</strong></span> <span class='ocrx_word' id='word_1_181' title='bbox 235 1829 274 1867; x_wconf 87' lang='lat' dir='ltr'><strong>in</strong></span> <span class='ocrx_word' id='word_1_182' title='bbox 308 1838 413 1866; x_wconf 80' lang='lat' dir='ltr'><strong>mare</strong></span> <span class='ocrx_word' id='word_1_183' title='bbox 446 1827 608 1867; x_wconf 80' lang='lat' dir='ltr'><strong>aufferat.</strong></span> <span class='ocrx_word' id='word_1_184' title='bbox 672 1828 815 1884; x_wconf 79' lang='lat' dir='ltr'><strong>Quodsi</strong></span> <span class='ocrx_word' id='word_1_185' title='bbox 844 1841 936 1869; x_wconf 75' lang='lat' dir='ltr'><strong>vero</strong></span> <span class='ocrx_word' id='word_1_186' title='bbox 985 1830 1120 1871; x_wconf 88' lang='lat' dir='ltr'><strong>somno</strong></span> <span class='ocrx_word' id='word_1_187' title='bbox 1171 1830 1400 1885; x_wconf 82' lang='lat' dir='ltr'><strong>profundiori</strong></span> 
     </span>
     <span class='ocr_line' id='line_1_26' title="bbox 92 1888 1399 1945; baseline 0.003 -16"><span class='ocrx_word' id='word_1_188' title='bbox 92 1890 210 1943; x_wconf 89' lang='lat' dir='ltr'><strong>sopita</strong></span> <span class='ocrx_word' id='word_1_189' title='bbox 241 1889 289 1930; x_wconf 84' lang='lat' dir='ltr'><strong>ab</strong></span> <span class='ocrx_word' id='word_1_190' title='bbox 320 1888 477 1930; x_wconf 79' lang='lat' dir='ltr'><strong>homine</strong></span> <span class='ocrx_word' id='word_1_191' title='bbox 508 1891 637 1931; x_wconf 86' lang='lat' dir='ltr'><strong>vicino</strong></span> <span class='ocrx_word' id='word_1_192' title='bbox 669 1890 802 1931; x_wconf 83' lang='lat' dir='ltr'><strong>baculo</strong></span> <span class='ocrx_word' id='word_1_193' title='bbox 835 1889 1046 1945; x_wconf 85' lang='lat' dir='ltr'><strong>suscitatur,</strong></span> <span class='ocrx_word' id='word_1_194' title='bbox 1100 1893 1162 1934; x_wconf 83' lang='lat' dir='ltr'><strong>vel</strong></span> <span class='ocrx_word' id='word_1_195' title='bbox 1202 1895 1369 1935; x_wconf 82' lang='lat' dir='ltr'><strong>clamore</strong></span> <span class='ocrx_word' id='word_1_196' title='bbox 1390 1927 1399 1944; x_wconf 90' lang='lat'><strong>,</strong></span> 
     </span>
     <span class='ocr_line' id='line_1_27' title="bbox 92 1952 1400 2012; baseline 0.003 -19"><span class='ocrx_word' id='word_1_197' title='bbox 92 1954 189 1993; x_wconf 81' lang='lat' dir='ltr'><strong>adeo</strong></span> <span class='ocrx_word' id='word_1_198' title='bbox 221 1952 473 2006; x_wconf 82' lang='lat' dir='ltr'><strong>exhorrescit,</strong></span> <span class='ocrx_word' id='word_1_199' title='bbox 508 1962 551 1993; x_wconf 87' lang='lat' dir='ltr'><strong>vt</strong></span> <span class='ocrx_word' id='word_1_200' title='bbox 581 1955 675 1993; x_wconf 87' lang='lat' dir='ltr'><strong>inter</strong></span> <span class='ocrx_word' id='word_1_201' title='bbox 706 1954 891 2008; x_wconf 75' lang='lat' dir='ltr'><strong>profiinda</strong></span> <span class='ocrx_word' id='word_1_202' title='bbox 928 1954 1068 2010; x_wconf 81' lang='lat' dir='ltr'><strong>suspiria</strong></span> <span class='ocrx_word' id='word_1_203' title='bbox 1101 1957 1137 1997; x_wconf 91' lang='lat' dir='ltr'><strong>in</strong></span> <span class='ocrx_word' id='word_1_204' title='bbox 1174 1957 1257 2012; x_wconf 76' lang='lat' dir='ltr'><strong>fuga</strong></span> <span class='ocrx_word' id='word_1_205' title='bbox 1307 1969 1400 1998; x_wconf 93' lang='lat' dir='ltr'><strong>con-</strong></span> 
     </span>
     <span class='ocr_line' id='line_1_28' title="bbox 92 2017 1399 2074; baseline 0.004 -18"><span class='ocrx_word' id='word_1_206' title='bbox 92 2018 200 2056; x_wconf 89' lang='lat' dir='ltr'><strong>tinuo</strong></span> <span class='ocrx_word' id='word_1_207' title='bbox 230 2018 362 2068; x_wconf 82' lang='lat' dir='ltr'><strong>cadat,</strong></span> <span class='ocrx_word' id='word_1_208' title='bbox 396 2028 462 2057; x_wconf 90' lang='lat' dir='ltr'><strong>nec</strong></span> <span class='ocrx_word' id='word_1_209' title='bbox 496 2017 739 2058; x_wconf 84' lang='lat' dir='ltr'><strong>trementibus</strong></span> <span class='ocrx_word' id='word_1_210' title='bbox 767 2019 911 2060; x_wconf 81' lang='lat' dir='ltr'><strong>artubus</strong></span> <span class='ocrx_word' id='word_1_211' title='bbox 944 2032 1035 2074; x_wconf 83' lang='lat' dir='ltr'><strong>prae</strong></span> <span class='ocrx_word' id='word_1_212' title='bbox 1067 2021 1185 2061; x_wconf 82' lang='lat' dir='ltr'><strong>nimia</strong></span> <span class='ocrx_word' id='word_1_213' title='bbox 1226 2022 1399 2062; x_wconf 81' lang='lat' dir='ltr'><strong>anxieta-</strong></span> 
     </span>
     <span class='ocr_line' id='line_1_29' title="bbox 92 2080 1398 2138; baseline 0.005 -19"><span class='ocrx_word' id='word_1_214' title='bbox 92 2089 132 2120; x_wconf 90' lang='lat' dir='ltr'><strong>te</strong></span> <span class='ocrx_word' id='word_1_215' title='bbox 165 2093 236 2134; x_wconf 91' lang='lat' dir='ltr'><strong>pro</strong></span> <span class='ocrx_word' id='word_1_216' title='bbox 267 2080 382 2120; x_wconf 89' lang='lat' dir='ltr'><strong>lubitu</strong></span> <span class='ocrx_word' id='word_1_217' title='bbox 415 2081 467 2120; x_wconf 67' lang='grc' dir='ltr'><strong>ντὶ</strong></span> <span class='ocrx_word' id='word_1_218' title='bbox 500 2080 620 2133; x_wconf 80' lang='lat' dir='ltr'><strong>possit.</strong></span> <span class='ocrx_word' id='word_1_219' title='bbox 695 2080 740 2121; x_wconf 88' lang='lat' dir='ltr'><strong>In</strong></span> <span class='ocrx_word' id='word_1_220' title='bbox 771 2083 952 2136; x_wconf 78' lang='lat' dir='ltr'><strong>angustias</strong></span> <span class='ocrx_word' id='word_1_221' title='bbox 985 2094 1110 2124; x_wconf 84' lang='lat' dir='ltr'><strong>autem</strong></span> <span class='ocrx_word' id='word_1_222' title='bbox 1144 2084 1290 2125; x_wconf 73' lang='lat' dir='ltr'><strong>redac‘ta</strong></span> <span class='ocrx_word' id='word_1_223' title='bbox 1309 2119 1321 2138; x_wconf 86' lang='lat'><strong>,</strong></span> <span class='ocrx_word' id='word_1_224' title='bbox 1354 2096 1398 2125; x_wconf 80' lang='lat' dir='ltr'><strong>ac</strong></span> 
     </span>
     <span class='ocr_line' id='line_1_30' title="bbox 91 2144 1396 2200; baseline -0.001 -15"><span class='ocrx_word' id='word_1_225' title='bbox 91 2145 200 2185; x_wconf 86' lang='lat' dir='ltr'><strong>omni</strong></span> <span class='ocrx_word' id='word_1_226' title='bbox 236 2145 280 2184; x_wconf 82' lang='lat' dir='ltr'><strong>ad</strong></span> <span class='ocrx_word' id='word_1_227' title='bbox 314 2144 439 2197; x_wconf 77' lang='lat' dir='ltr'><strong>fugam</strong></span> <span class='ocrx_word' id='word_1_228' title='bbox 471 2145 532 2184; x_wconf 82' lang='lat' dir='ltr'><strong>via</strong></span> <span class='ocrx_word' id='word_1_229' title='bbox 563 2145 742 2198; x_wconf 63' lang='lat' dir='ltr'><strong>praeclusit</strong></span> <span class='ocrx_word' id='word_1_230' title='bbox 761 2179 772 2197; x_wconf 86' lang='lat'>‚</span> <span class='ocrx_word' id='word_1_231' title='bbox 805 2146 906 2187; x_wconf 65' lang='lat' dir='ltr'><strong>resta</strong></span> <span class='ocrx_word' id='word_1_232' title='bbox 938 2147 977 2187; x_wconf 87' lang='lat' dir='ltr'><strong>in</strong></span> <span class='ocrx_word' id='word_1_233' title='bbox 996 2147 1235 2189; x_wconf 76' lang='lat' dir='ltr'><strong>aduersarium</strong></span> <span class='ocrx_word' id='word_1_234' title='bbox 1256 2147 1396 2200; x_wconf 83' lang='lat' dir='ltr'><strong>ingenti</strong></span> 
     </span>
    </p>

    <p class='ocr_par' dir='ltr' id='par_1_7' title="bbox 155 2205 1396 2253">
     <span class='ocr_line' id='line_1_31' title="bbox 155 2205 1396 2253; baseline 0 -6"><span class='ocrx_word' id='word_1_235' title='bbox 155 2208 277 2248; x_wconf 86' lang='lat' dir='ltr'><strong>Tom.</strong></span> <span class='ocrx_word' id='word_1_236' title='bbox 297 2206 350 2249; x_wconf 91' lang='lat'><strong>11.</strong></span> <span class='ocrx_word' id='word_1_237' title='bbox 371 2207 478 2249; x_wconf 89' lang='lat' dir='ltr'><strong>Nou.</strong></span> <span class='ocrx_word' id='word_1_238' title='bbox 501 2205 726 2250; x_wconf 87' lang='lat' dir='ltr'><strong>Comment.</strong></span> <span class='ocrx_word' id='word_1_239' title='bbox 998 2208 1037 2253; x_wconf 79' lang='lat' dir='ltr'><strong>&#39;Z</strong></span> <span class='ocrx_word' id='word_1_240' title='bbox 1067 2224 1089 2251; x_wconf 85' lang='lat'><strong>7.</strong></span> <span class='ocrx_word' id='word_1_241' title='bbox 1248 2210 1396 2251; x_wconf 86' lang='lat' dir='ltr'><strong>fremitu</strong></span> 
     </span>
    </p>
   </div>
  </div>
 </body>
</html>
