1971 2700
467 217 568 263 δή
817 211 902 256 DE
932 209 1148 257 BESTHS
1177 206 1445 256 MARINIS.

462 326 573 370 instar
604 324 779 369 arbusculi
814 328 980 371 coerulei
1010 336 1252 383 transparent.
1320 324 1551 370 Membrana
1567 321 1640 368 luc
1656 325 1792 378 &stiffi

466 390 658 434 substantia
690 394 812 447 epatis
843 403 1000 447 apparet
1018 425 1030 445 ,
1060 393 1192 433 colore
1225 391 1320 434 fusca
1352 392 1471 445 magis
1496 400 1616 445 quam
1649 390 1794 447 boma,

466 455 578 496 valde
627 465 757 497 tamen
811 458 940 497 mollis
972 465 1010 496 et
1042 454 1245 498 rariffimae
1294 455 1494 497 structurae
1514 485 1528 508 ,
1577 456 1631 496 ita
1668 454 1716 497 π’
1744 455 1794 502 ιὰ

467 519 613 560 tastum
648 520 753 560 velut
785 520 935 574 putrida
966 519 1029 560 sub
1062 522 1235 562 manibus
1271 519 1433 562 diffluat.

583 580 687 634 Cym
721 582 825 624 fellea
863 592 994 636 caret,
1033 583 1166 624 ductus
1210 594 1341 626 autem
1385 579 1635 625 cholidochas
1675 591 1720 624 vt
1751 581 1793 627 in

466 657 568 700 equo
607 647 769 702 quinque
804 647 1044 702 compofitos
1067 647 1212 702 digitos
1241 647 1347 689 facile
1377 648 1548 690 admittit
1571 679 1583 699 ,
1621 646 1793 701 adeoque

467 709 729 764 capaciffimus
746 745 760 764 ,
792 712 992 754 dimidiam
1006 712 1143 754 lineam
1162 711 1316 764 craffus,
1334 711 1598 763 validissimus,
1630 710 1721 753 ibris
1737 708 1793 752 al·

470 774 571 814 bidus
590 807 600 825 ,
637 775 735 816 intus
764 788 919 817 croceus
946 776 1001 819 est
1022 808 1036 828 ,
1063 788 1110 816 ac
1143 777 1190 817 ad
1222 775 1358 817 ostium
1389 778 1431 817 in
1459 775 1683 818 duodenum
1713 784 1795 818 unt

470 849 559 878 cum
593 841 837 892 pancreatico
870 842 911 881 in
941 853 1063 881 vnum
1092 840 1268 881 canalem
1301 838 1484 882 coalescit.

584 903 714 945 Renes
743 905 867 945 iuxtra
899 903 1047 958 spinam
1079 903 1181 944 dorsi
1211 903 1387 958 vtrinque
1420 906 1459 946 in
1488 903 1652 945 cauitate
1691 900 1793 946 lmu-

468 964 603 1006 borum
636 967 822 1008 reconditi
855 977 930 1015 32.
961 967 1121 1020 pollices
1150 967 1256 1020 longi
1289 977 1330 1008 et
1367 973 1435 1011 18.
1466 967 1564 1021 lati,
1592 968 1715 1010 sonna
1732 977 1795 1009 te·

470 1040 561 1068 num
597 1030 781 1071 ordinaria
799 1063 811 1082 ,
845 1029 1091 1072 validiffimae
1121 1031 1373 1072 membranae
1410 1030 1573 1084 inclufi,
1620 1043 1696 1087 qua
1726 1030 1795 1073 de·

470 1092 586 1133 tracta
620 1095 800 1147 permulti
830 1095 1067 1149 apparebant
1105 1092 1302 1136 renunculi
1347 1095 1522 1135 eiusdem
1572 1094 1717 1136 formae
1747 1105 1794 1136 ac

468 1157 506 1195 in
539 1155 663 1208 phoca
696 1167 736 1196 et
769 1159 861 1197 lutra
895 1159 1060 1208 marina,
1093 1170 1226 1197 verum
1247 1158 1509 1211 magnitudine
1526 1155 1598 1199 hos
1622 1156 1793 1199 multum

466 1218 638 1272 superant
675 1231 698 1258 2
750 1221 905 1275 pollices
936 1221 976 1260 in
1008 1220 1202 1274 lupcrficie
1233 1220 1338 1273 longi
1371 1230 1411 1260 et
1448 1224 1489 1266 x}
1531 1221 1627 1273 lati,
1679 1233 1795 1275 pyra-

472 1283 608 1323 midati
641 1283 758 1324 versus
790 1285 982 1324 interiores
1011 1284 1171 1338 apices·‚
1207 1284 1362 1337 quilibet
1393 1282 1534 1324 horum
1575 1284 1792 1326 renunculo-

472 1358 556 1386 rum
592 1347 765 1400 peculiari
796 1347 975 1388 vrethere
1007 1348 1146 1401 papilla
1178 1357 1216 1387 et
1250 1347 1425 1389 arteriola
1472 1346 1684 1400 singulatim
1734 1348 1793 1389 in·

472 1409 645 1462 struitur,
680 1410 871 1452 vretheres
904 1414 947 1450 6.
981 1413 1140 1452 maiores
1168 1423 1295 1452 ramos
1327 1411 1525 1464 praecipue
1542 1409 1794 1463 constituunt,

471 1485 513 1513 ac
548 1474 703 1514 tandem
736 1487 807 1529 per
837 1487 960 1516 vnum
990 1475 1162 1516 canalem
1195 1475 1346 1514 vrinam
1378 1472 1546 1515 deferunt
1571 1473 1613 1514 in
1631 1473 1796 1516 vesicam

443 1537 672 1578 asinariam
693 1571 703 1590 ,
736 1539 854 1593 peluis
885 1550 1016 1580 autem
1048 1550 1091 1580 vt
1130 1540 1170 1579 in
1200 1538 1413 1592 elephante.

591 1599 766 1656 Capsulas
796 1603 1013 1644 atribilarias
1054 1615 1194 1658 aequae
1236 1614 1281 1642 ac
1315 1603 1457 1644 lienem
1495 1612 1548 1642 ex
1597 1601 1794 1644 obliuione

471 1666 660 1717 preterii,
695 1668 832 1720 pariter
862 1679 907 1707 ac
940 1669 1078 1708 iuterna
1121 1667 1371 1722 generationis
1417 1677 1559 1720 organa
1593 1678 1637 1708 ac
1669 1667 1795 1709 multa

470 1728 543 1768 alia
562 1761 572 1781 ,
606 1742 702 1784 quae
736 1731 833 1772 mihi
866 1731 903 1771 in
938 1741 1112 1775 mentem
1145 1732 1324 1784 deinceps
1355 1739 1566 1782 venerant,
1597 1741 1687 1772 cum
1715 1732 1795 1773 iam

469 1791 577 1845 plura
603 1794 820 1836 obstruandi
854 1807 925 1835 nec
961 1806 1112 1850 tempus
1143 1807 1212 1836 nec
1245 1795 1394 1836 occasio
1411 1794 1574 1848 amplius
1590 1795 1789 1850 supererat.

715 1899 919 1943 OSSlVM
955 1898 1154 1944 BREVIS
1188 1897 1536 1943 DESCRIPTIO.

589 1997 654 2037 Ad
686 1997 760 2037 offa
795 1997 945 2038 Manati
976 1997 1076 2051 quod
1109 1996 1243 2036 attinet
1275 1993 1408 2048 capitis
1437 1992 1514 2034 offa
1547 1992 1733 2036 soliditate
1754 2000 1803 2037 ff

479 2058 612 2099 robore
654 2063 784 2112 equina
833 2059 995 2100 referunt
1017 2092 1026 2108 ,
1076 2059 1214 2111 reliqua
1247 2069 1343 2097 vero
1372 2066 1412 2096 et
1444 2058 1707 2110 magnitudine
1750 2065 1796 2099 ev

479 2121 659 2166 soliditate
694 2124 870 2163 omnium
905 2121 1133 2163 terrestrium
1167 2121 1391 2162 anirnaliurn
1423 2121 1499 2162 ossa
1541 2123 1704 2167 vincunt.

1664 2247 1793 2294 Cranii
