1971 2700
504 193 591 240 308
835 184 916 230 DE
946 175 1173 230 BESTIIS
1204 179 1469 228 MARINIS.

499 302 675 346 fortuitae
722 299 918 342 videantur
937 331 948 352 ,
989 312 1059 341 nec
1092 311 1287 340 mammae
1318 299 1412 339 adeo
1453 295 1672 351 turgescunt.
1740 301 1820 346 Lac

498 367 729 422 praepingue
759 378 804 406 ac
836 364 972 416 dulce,
1006 363 1239 405 consistentia
1272 364 1390 403 ouillo
1423 360 1540 402 simile
1575 373 1618 404 vt
1650 372 1689 404 et
1712 365 1819 421 fiipo-

498 443 540 472 re
560 464 571 483 ,
605 443 648 470 ac
681 428 822 483 fiiepius
853 441 875 468 e
907 428 1066 468 mortuis
1096 427 1229 467 eadem
1262 428 1406 467 ratione
1439 437 1481 465 ac
1517 437 1540 464 e
1573 427 1699 469 vaccis
1729 427 1819 472 solet

500 507 523 535 a
557 506 622 534 me
656 493 806 546 largiter
831 489 1030 532 emulsum.
1069 489 1207 530 Areoia
1241 491 1337 530 circa
1357 501 1549 530 mammas
1579 489 1707 544 rugofii
1745 491 1819 532 val-

501 558 549 597 de
582 565 619 595 et
651 568 787 608 parum
822 554 958 608 reliqua
994 565 1169 594 mamma
1210 554 1343 593 elatior
1362 586 1372 605 ‚
1422 553 1614 606 glandulae
1665 554 1823 595 dilcifl‘ae

500 620 603 660 idem
637 618 692 658 lac
724 617 909 670 fundunt,
941 617 1043 671 quod
1077 629 1129 657 ex
1161 617 1298 670 papilla
1330 617 1542 669 compressa
1574 618 1740 671 collegi,
1765 628 1823 659 tu·

500 683 579 724 buli
622 681 778 722 lastiferi
816 694 885 722 ιο.
919 691 982 722 aut
1030 693 1096 722 12.
1131 681 1173 720 in
1204 692 1509 734 vnamquamque
1545 682 1721 735 papillam
1756 694 1824 734 pa·

502 757 595 787 tent.
665 745 866 786 Mammae
901 745 1061 785 elixatae
1111 745 1270 785 vaccinis
1310 757 1444 798 pamm
1486 745 1651 786 duriores
1690 754 1825 798 erant,

499 809 736 864 serinumque
767 809 892 850 leuem
925 809 1083 850 odorem
1118 807 1348 863 spargebant.

622 870 772 913 Coeunt
808 885 917 914 more
952 872 1122 912 humano
1156 873 1232 922 ita,
1270 881 1310 911 vt
1344 884 1425 912 mas
1457 871 1608 913 incubus
1650 870 1825 913 foemella

503 937 658 978 fiiccuba
678 937 734 977 sit.
802 935 909 976 Penis
943 936 1057 975 maris
1093 945 1165 980 82·
1202 935 1355 988 pollices
1385 935 1516 989 longus
1549 948 1590 975 ac
1633 948 1704 976 vna
1737 948 1825 976 cum

504 1002 641 1054 vagina
678 999 734 1040 sua
768 999 963 1039 abdomini
1005 996 1216 1038 firmiss'ime
1248 1001 1454 1038 :introilum
1491 1000 1685 1052 alligatur,
1719 998 1827 1039 acad

506 1064 729 1104 vmbilicnm
768 1073 880 1112 Vsque
912 1061 1126 1115 pertingit,
1161 1061 1341 1113 reliquum
1378 1062 1484 1101 valde
1515 1062 1643 1101 crall'us
1660 1075 1701 1101 ac
1728 1062 1828 1115 aspe-

506 1127 570 1166 ctu
603 1127 808 1165 obscoenus
839 1124 922 1174 est,
967 1126 1103 1176 equino
1146 1124 1349 1164 fimillimus
1369 1157 1380 1176 ,
1429 1137 1471 1164 ac
1505 1124 1644 1175 simili,
1693 1125 1831 1165 maiori

503 1188 628 1231 fiiltim
652 1221 662 1238 ,
695 1188 826 1240 glande
861 1186 1086 1238 praefinitus.

629 1251 841 1291 pudendum
879 1248 1127 1288 foemininum
1168 1254 1206 1288 8.
1229 1248 1382 1301 pollices
1400 1251 1502 1301 snpra
1521 1261 1648 1290 annm.
1678 1250 1827 1291 Ostium

507 1315 637 1357 vnluae
672 1313 788 1352 ferme
823 1313 1036 1364 trigonum,
1072 1310 1401 1364 ssipcriusl'cilicet,
1438 1311 1499 1351 vbi
1532 1313 1672 1353 clitoris
1695 1314 1828 1353 immi-

508 1390 592 1429 net,
613 1378 736 1426 latius,
770 1374 889 1414 verilis
923 1387 1036 1413 anum
1071 1374 1275 1427 angustius,
1294 1375 1386 1413 tima
1407 1373 1479 1426 ipsa
1504 1386 1542 1422 5.
1563 1376 1697 1427 digitos
1716 1389 1828 1416 com-

507 1441 646 1495 positop‘
679 1452 753 1478 nnn
789 1449 895 1490 aegre
929 1437 1108 1476 admittit.
1175 1435 1334 1477 Clitoris
1365 1436 1475 1489 sesqui
1511 1437 1665 1489 pollices
1717 1439 1828 1491 longa

507 1504 583 1545 sere
615 1501 881 1555 cartilaginea,
915 1511 998 1539 cute
1034 1500 1154 1540 valida
1187 1501 1276 1540 dura
1306 1499 1484 1552 laenigata
1517 1501 1743 1540 circumdata
1764 1510 1831 1551 ,et

511 1568 639 1609 multis
672 1567 767 1618 iugis
798 1564 970 1604 breuibus
1005 1563 1041 1602 in
1077 1564 1213 1603 orbem
1233 1564 1472 1615 corrugandis
1494 1564 1703 1617 inaequalis.
1751 1561 1829 1604 Cu-

509 1631 557 1670 tis
587 1643 608 1669 e
642 1627 740 1668 flisco
774 1638 811 1667 et
846 1627 933 1666 albo
966 1627 1177 1678 variegatus
1197 1659 1207 1676 ,
1244 1629 1378 1679 pariter
1413 1639 1454 1665 ac
1490 1627 1599 1667 tulna
1632 1626 1717 1680 ipia.
1757 1627 1830 1668 La·

511 1694 572 1735 bia
603 1692 733 1732 vnlnac
767 1691 875 1730 valde
911 1691 1024 1742 rigida
1060 1701 1102 1728 ac
1135 1690 1224 1729 dura
1259 1689 1334 1729 sunt
1354 1721 1364 1739 ,
1399 1689 1544 1730 wethra
1583 1702 1620 1737 5.
1645 1690 1733 1743 poll.
1761 1693 1834 1731 cir·

510 1759 603 1798 citer
620 1756 666 1796 ab
695 1755 791 1794 ollio
820 1753 951 1793 tulnae
983 1751 1181 1792 introrsum
1211 1754 1248 1792 in
1281 1754 1430 1793 vnlnam
1458 1765 1703 1804 exoneratur,
1741 1754 1832 1795 infra

512 1820 609 1861 hanc
631 1819 851 1859 membrana
872 1816 987 1856 valida
1001 1847 1010 1865 ‚
1035 1817 1171 1868 partini
1195 1816 1396 1856 musculosa
1418 1848 1428 1866 ,
1469 1818 1605 1868 partim
1627 1829 1760 1857 nemea
1779 1816 1831 1856 se-

513 1882 703 1924 milunaris
722 1914 733 1932 ,
766 1880 915 1920 obtcnla
936 1913 947 1931 ,
981 1879 1130 1919 vnlnam
1165 1891 1185 1918 a
1221 1882 1372 1933 proprie
1407 1879 1454 1919 s1c
1471 1879 1569 1918 dicta
1592 1881 1721 1931 vagina
1749 1890 1832 1920 vte-

514 1948 544 1985 ri
579 1946 717 1998 separat
752 1945 866 1984 veluti
903 1942 1118 1982 vestibulum
1151 1944 1358 1995 quoddam,
1391 1953 1428 1982 et
1463 1941 1638 1991 hynienis
1669 1942 1829 1995 speciem

515 2007 627 2047 offert
649 2040 659 2058 ‚
693 2019 791 2047 tanta
822 2016 947 2046 autem
981 2005 1033 2044 est
1068 2016 1233 2057 apertura
1269 2006 1363 2044 intra
1393 2016 1529 2044 cornua
1566 2003 1669 2044 liuius
1703 2019 1828 2046 niem-

515 2069 678 2119 branae,
712 2080 750 2107 vt
786 2070 891 2122 penis
921 2067 1068 2107 masculi
1103 2067 1235 2118 ab>qne
1278 2067 1348 2106 vlla
1389 2061 1606 2107 ‹linit-uliam
1652 2070 1825 2121 vaginam

515 2132 631 2175 mbire
663 2130 786 2187 poffit.
850 2131 995 2185 Vagina
1027 2126 1100 2184 ipla
1136 2134 1180 2179 92
1213 2128 1394 2183 pollicem
1426 2131 1534 2184 longa
1556 2161 1566 2181 ‚
1602 2144 1732 2172 nernca
1762 2144 1826 2171 va·

1654 2195 1826 2237 lidissima
