1971 2700
373 143 629 191 ECLJPSES
658 140 1075 194 LVMINARIVMss
1337 147 1430 199 '4:³9

124 259 263 319 [anneta
294 261 332 303 H
365 267 402 300 et
433 257 454 299 1
484 259 636 300 ducatur
666 260 763 300 linea
797 258 904 311 HI,
938 268 976 300 et
1010 259 1226 300 formabitur
1257 258 1344 301 inde
1363 263 1430 303 tri-

121 327 295 380 angulum
325 324 364 365 -H
382 322 417 363 K
435 321 453 362 I
473 350 485 374 ‚
518 322 556 362 in
589 336 663 376 quo
696 336 761 375 per
794 321 1066 363 obseruationes
1086 353 1097 374 ‚
1117 324 1431 378 deductionesque

121 389 322 443 superiores
354 387 486 426 dantur
519 385 595 425 duo
628 386 743 426 latera
778 386 814 426 H
833 387 866 427 K
901 398 938 427 et
971 387 991 427 Ι
1010 386 1043 426 K
1076 399 1164 427 cum
1198 388 1335 440 angulo
1373 389 1429 428 in-

122 461 291 506 tercepto
321 448 410 491 HK
429 448 461 488 I.
530 448 656 504 Quare
688 450 904 490 resoluendo
938 451 1012 491 hoc
1049 451 1273 504 triangulum
1326 451 1431 491 dabi-

122 525 180 557 tur
212 515 323 556 etiam
356 512 448 552 latus
479 512 556 552 HI
577 546 588 564 ,
622 522 744 554 motus
776 513 905 554 Lunae
937 528 957 554 a
988 512 1077 554 Sole
1114 516 1210 554 visus
1252 525 1428 568 tempore

121 580 215 619 inter
246 576 511 619 obseruationes
543 575 740 631 affumptas
789 579 1039 618 intercedente
1074 578 1113 617 in
1148 579 1212 618 via
1246 578 1373 619 Lunae
1408 590 1429 618 a

121 641 210 684 Sole
242 640 314 682 vila
344 638 478 679 HID
510 639 653 692 nctus,
687 650 724 680 et
757 643 906 693 angulus
939 642 972 682 K
992 641 1029 680 H
1049 642 1299 681 Ainclinatio
1334 644 1430 682 eius-

119 707 206 746 dem
237 705 281 745 ad
314 702 403 744 HK
437 702 618 755 pontione
652 705 698 744 ad
732 706 905 745 diurnum
938 703 1034 744 Solis
1070 705 1224 757 datam,
1256 706 1356 745 vnde
1377 704 1423 745 ad

118 769 237 822 iplum
271 767 382 808 etiam
416 766 587 806 diurnum
639 767 825 807 inclinatio
859 769 934 806 eius
983 766 1086 806 facile
1136 768 1333 807 deducetur
1353 800 1363 818 ‚
1399 767 1426 807 fi

117 845 259 887 nempe
291 829 507 884 angulorum
541 829 714 870 datorum
763 831 796 871 K
818 830 892 870 HI
943 839 982 869 et
1033 830 1070 870 H
1092 830 1125 871 K
1144 830 1182 869 A
1214 830 1429 870 differentia

118 896 287 937 sumatur.
354 892 451 933 Hinc
486 890 546 931 2‘²⁰
586 893 705 947 potest
738 893 842 934 facile
874 894 1116 934 determinari
1149 905 1301 946 tempus
1331 893 1429 933 initii

117 969 178 1000 aut
208 958 288 999 finis
318 956 495 1010 eclipseos
526 957 576 997 ob
610 958 769 997 rationes
794 969 1024 1011 quascunque
1052 969 1128 995 non
1160 957 1392 996 obseruatum
1413 988 1425 1008 ‚

117 1023 282 1075 itemque
334 1031 484 1074 tempus
522 1029 560 1060 et
591 1023 769 1073 quantitas
820 1021 1013 1061 maximae
1066 1019 1365 1060 obstinationis:
1400 1019 1428 1060 fi

116 1097 257 1138 nempe
289 1085 379 1124 duae
413 1084 678 1124 obseruationes
710 1084 882 1138 phafium
915 1084 1187 1137 phaenomeno
1230 1083 1427 1122 inuenien-

115 1149 167 1189 do
202 1149 403 1200 proximae
435 1147 684 1196 assumantur,
720 1149 766 1186 ad
799 1160 996 1198 earumque
1029 1156 1204 1197 tempora
1237 1144 1428 1185 distantiae

117 1219 329 1251 centrorum
362 1220 450 1247 cum
485 1208 724 1247 inclinatione
766 1208 969 1248 earundem
1021 1209 1066 1248 ad
1101 1207 1136 1247 se
1166 1207 1327 1247 inuicem
1364 1209 1423 1248 in-

114 1274 338 1322 veniantur,
371 1280 409 1309 et
441 1270 524 1310 inde
559 1280 686 1311 motus
717 1271 919 1311 mobilium
953 1284 973 1310 a
1003 1270 1039 1310 se
1074 1272 1238 1310 inuicem
1271 1270 1362 1310 visus
1382 1272 1422 1311 in

112 1337 174 1376 via
204 1334 406 1375 eorundem
441 1332 512 1373 visa
545 1343 720 1387 tempore
753 1336 849 1374 inter
879 1333 1150 1374 obseruationes
1190 1334 1424 1374 interceden-

113 1407 149 1440 te
180 1398 313 1449 fiustus,
346 1409 433 1437 cum
468 1397 712 1437 inclinatione
746 1398 910 1438 eiusdem
953 1398 996 1438 ad
1031 1398 1240 1438 distantiam
1269 1408 1423 1438 centro-

113 1474 199 1502 rum
249 1460 517 1514 phaenomeno
566 1461 728 1513 quaesito
777 1463 997 1515 proximam
1062 1462 1329 1502 determinetur
1377 1470 1424 1502 vt

113 1522 218 1578 supra
239 1555 249 1574 ,
293 1524 525 1577 distantiaque
559 1524 816 1576 phaenomeni
857 1526 895 1564 in
929 1524 1026 1564 linea
1061 1535 1188 1564 motus
1220 1524 1423 1566 mobilium

113 1599 136 1627 a
169 1586 201 1626 se
233 1586 392 1627 inuicem
425 1588 491 1627 visi
524 1601 544 1627 a
563 1587 728 1628 distantia
746 1597 959 1628 centrorum
978 1587 1253 1642 phaenomeno
1281 1588 1421 1642 quaesi-

114 1659 158 1690 to
188 1652 360 1703 proxima
409 1651 491 1691 inde
531 1651 759 1705 deducatur3
813 1651 948 1704 reliqua
983 1663 1077 1691 vero
1126 1652 1263 1692 eodem
1299 1651 1422 1692 modo

115 1713 208 1754 fiant
239 1723 280 1752 vt
312 1714 349 1752 in
382 1723 569 1765 computo
602 1714 795 1767 eclipfium
825 1714 989 1755 Solarim
1041 1715 1143 1754 iuxta
1191 1714 1421 1755 methodum

115 1776 266 1828 Kepleri
296 1776 332 1814 in
367 1775 497 1814 iisdem
538 1776 675 1815 casibus
724 1777 804 1815 fieri
845 1778 986 1816 assolet.
1055 1778 1200 1832 Quodsi
1237 1776 1303 1826 3⁵⁰
1340 1790 1424 1816 me-

115 1839 272 1879 ridiebus
304 1837 425 1889 eclipfi
469 1837 652 1890 specht-ae
702 1841 889 1891 proximis
935 1839 1144 1879 altitudines
1196 1841 1421 1880 meridianae

116 1900 213 1943 Solis
242 1900 511 1951 obser-nentur,
546 1913 593 1940 ex
627 1900 827 1942 differentia
860 1914 988 1942 earum
1022 1912 1059 1942 et
1093 1903 1334 1943 meridierum
1375 1903 1424 1943 il.

115 1966 237 2005 lorum
268 1963 570 2004 determinabitur
604 1964 792 2004 inclinatio
824 1966 944 2006 diurni
990 1965 1088 2005 Solis
1120 1967 1164 2005 ad
1200 1966 1421 2018 parallelum

115 2029 346 2081 aequatoris,
381 2039 492 2080 quem
525 2025 590 2067 Sol
627 2027 666 2066 in
702 2029 855 2070 meridie
892 2028 1014 2082 eclipsi
1048 2031 1233 2083 proximo
1269 2030 1386 2068 tenuit
1407 2060 1418 2080 ‚

114 2091 292 2146 simulque
323 2091 368 2133 ad
400 2092 520 2149 ipsum
552 2090 667 2133 etiam
697 2101 941 2149 aequatorem
965 2123 977 2147 ‚
1013 2103 1054 2134 et
1085 2102 1214 2135 motus
1245 2091 1345 2135 Solis
1383 2093 1423 2132 in

1261 2155 1422 2198 declina-
