1971 2700
556 246 638 287 142
674 227 949 291 INQVISIT.
984 223 1054 273 IN
1086 216 1322 271 RATION.
1359 219 1768 270 PHAENOMENI
1800 236 1855 273 cet

544 348 590 391 fit
611 382 622 402 ‚
653 360 744 390 cum
778 347 974 388 continuae
1007 345 1046 385 iu
1077 344 1164 384 ae‘re
1195 342 1264 385 fint
1284 339 1580 393 vicissitudines)
1613 341 1771 395 qualibet
1796 344 1857 386 vi-

543 425 587 454 ce
619 413 756 453 diutius
785 411 917 452 durare
950 409 1063 451 debet
1095 406 1314 462 euaporatio
1346 404 1494 458 insignis
1526 404 1563 444 in
1596 405 1710 447 maffit
1734 407 1858 449 maio-

542 477 604 528 ri,
638 488 752 530 quam
786 476 826 514 in
861 475 974 514 massii
1009 470 1166 513 minori.
1233 469 1332 511 Hinc
1368 470 1510 510 mirum
1545 480 1622 510 non
1655 468 1733 523 est,
1775 471 1855 526 plus

542 550 746 594 euapomre
779 549 830 577 ex
864 537 981 578 massa
1015 536 1150 577 maiori
1184 546 1300 589 quam
1333 533 1447 575 massa
1482 532 1636 573 minori.

661 606 703 652 2)
739 601 872 653 Patet,
906 613 995 642 curn
1030 598 1166 640 maffiie
1199 599 1354 640 minoris
1385 597 1488 638 calor
1506 596 1659 638 celerius
1677 597 1857 639 decrescat

540 666 601 707 vel
635 666 770 707 crescat
788 698 798 717 ‚
833 673 872 704 et
904 664 992 705 hinc
1026 663 1108 717 post
1139 672 1281 703 certum
1316 672 1466 715 tempus
1505 659 1709 701 differentia
1760 661 1859 703 iuter

539 730 767 784 temperiem
801 729 898 768 ae'ris
931 728 1076 769 externi
1111 736 1149 767 et
1183 726 1318 767 massae
1356 725 1514 776 miuoris
1563 737 1678 778 aquae
1731 725 1857 766 minor

538 793 610 845 fit,
644 806 754 848 quam
789 792 993 833 differentia
1027 792 1119 832 inter
1151 790 1376 844 temperiem
1410 789 1567 830 eandem
1590 789 1684 829 a'e'ris
1699 798 1737 828 et
1754 797 1857 830 tem-

536 858 680 910 periem
717 857 851 897 mais-ie
885 856 1039 895 maioris
1071 854 1155 909 post
1188 854 1289 894 idem
1326 864 1502 906 tempus,
1543 853 1854 905 curiporarionem

536 920 672 960 maffic
706 921 858 962 maioris
893 918 978 971 post
1011 918 1202 971 quodlibet
1253 917 1492 957 interuallum
1547 918 1734 958 maiorem
1785 915 1856 957 effi:

535 983 672 1025 debere
693 1016 703 1035 ‚
737 996 853 1038 quam
887 981 1194 1035 euaporatiouem
1231 980 1365 1021 mais-ie
1400 982 1570 1021 minoris.

651 1080 686 1129 §.
713 1092 782 1118 11.
817 1076 860 1119 Si
893 1080 956 1118 :1'e'r
993 1076 1159 1130 frigidior
1193 1075 1244 1115 est
1276 1087 1390 1129 quum
1441 1087 1531 1128 aqua
1551 1106 1561 1124 ,
1614 1076 1853 1129 euaporatio·

536 1156 626 1183 nem
662 1143 742 1182 fieri
777 1156 826 1182 eo
859 1141 1009 1182 celerius
1030 1173 1039 1190 ,
1073 1152 1149 1193 quo
1183 1140 1306 1179 maior
1337 1138 1388 1179 est
1422 1137 1737 1180 diffizteutiainter
1754 1148 1856 1180 tem-

532 1206 675 1260 periem
709 1206 802 1246 :it-’ris
832 1214 867 1244 et
901 1216 1014 1257 aquae
1047 1216 1164 1243 nemo
1195 1203 1390 1242 dubitabit.

649 1299 688 1340 Si
723 1302 788 1339 a'c'r
823 1298 976 1339 calidior
1010 1299 1059 1338 est
1088 1329 1099 1348 ‚
1135 1310 1246 1350 quam
1289 1310 1381 1350 aqua
1432 1298 1667 1351 euaporanda
1690 1331 1700 1349 ,
1751 1300 1854 1340 calor

530 1365 625 1406 a'e'ris
657 1363 877 1405 distribuitur
911 1374 978 1414 per
1011 1373 1179 1415 aquam,
1214 1371 1251 1400 et
1287 1370 1413 1400 motus
1454 1361 1641 1400 intestinus
1691 1362 1854 1414 particu-

531 1429 649 1469 larum
701 1426 788 1467 hinc
822 1425 867 1466 fit
902 1425 1054 1477 maior,
1108 1424 1194 1464 hinc
1230 1436 1321 1478 aqua
1356 1423 1481 1477 aptior
1501 1422 1544 1463 fit
1561 1424 1818 1477 cuaporatioui
1838 1458 1850 1478 ,

528 1490 853 1545 quemadmodum
906 1490 1034 1530 omnis
1093 1487 1228 1529 solutio
1277 1488 1402 1528 calore
1449 1487 1649 1528 accedente
1700 1488 1852 1531 celerius

532 1555 700 1596 succedit.

646 1619 681 1666 §.
711 1631 726 1655 1
740 1631 779 1657 2.
800 1617 841 1658 Si
860 1618 1052 1658 humidior
1071 1617 1233 1657 redditur
1250 1618 1314 1656 a'c'r
1333 1627 1446 1668 quam
1466 1624 1571 1655 antea
1591 1625 1628 1655 et
1655 1615 1763 1656 simul
1789 1614 1851 1659 fri-

529 1681 651 1737 gidior
670 1693 783 1735 quam
805 1681 918 1722 maffit
936 1681 1169 1735 cuaporanda
1184 1711 1193 1729 ,
1212 1680 1450 1733 euapomtio,
1469 1679 1493 1719 si
1505 1680 1686 1733 quaedum
1700 1680 1848 1721 contin-

528 1747 587 1801 git
605 1778 616 1797 ,
653 1746 779 1786 minor
798 1746 888 1795 erit,
907 1757 1019 1798 quam
1041 1745 1064 1785 fi
1085 1747 1150 1784 a'c‘r
1189 1743 1300 1784 siccus
1334 1743 1432 1784 estet.
1477 1742 1540 1784 Ex
1560 1744 1700 1783 minori
1719 1753 1848 1786 tamen

529 1810 644 1852 maffii
690 1809 742 1850 ob
761 1809 921 1849 eandem
942 1808 1045 1862 supm
1065 1808 1215 1849 allatam
1240 1808 1425 1847 rationem
1463 1808 1593 1847 minor
1628 1808 1850 1862 euapomtio

526 1874 736 1927 continget,
755 1886 868 1926 quam
887 1884 936 1912 cx
956 1872 1090 1913 maiori
1108 1871 1218 1913 maffit
1250 1871 1376 1925 positis
1401 1871 1676 1912 conditionibus
1699 1873 1841 1924 experi-

527 1947 663 1978 menti.

665 1999 697 2047 §v
727 2013 792 2050 13.
830 1999 871 2041 Si
906 2011 1001 2041 vero
1033 1999 1225 2040 humidior
1259 1997 1424 2038 redditur
1455 1999 1521 2037 a'c'r
1553 2004 1592 2037 et
1633 1998 1742 2039 simul
1781 2012 1844 2043 ca-

526 2063 638 2105 lidior
658 2095 668 2112 ,
702 2076 815 2115 quam
849 2076 942 2116 aqua
973 2061 1208 2114 euaporanda
1228 2094 1239 2111 ,
1271 2060 1473 2113 particulae
1506 2059 1684 2101 humidae
1717 2063 1812 2105 a'e'ris
1831 2097 1843 2119 ,

527 2127 695 2167 videntur
729 2126 879 2165 teudcre
915 2123 1147 2177 superficiem
1184 2123 1412 2178 frigidiorem
1454 2137 1567 2177 aquae
1611 2124 1758 2178 versus,
1799 2135 1839 2167 et

525 2202 656 2247 augere
686 2188 817 2230 diutius
850 2189 1004 2232 massam
1042 2189 1233 2229 minorem
1255 2221 1265 2241 ‚
1297 2200 1410 2242 quam
1446 2188 1601 2230 maffim
1636 2190 1837 2231 maiorem.

1738 2253 1838 2301 Uiuc
