<?xml version="1.0" encoding="UTF-8"?>
<!DOCTYPE html PUBLIC "-//W3C//DTD XHTML 1.0 Transitional//EN"
    "http://www.w3.org/TR/xhtml1/DTD/xhtml1-transitional.dtd">
<html xmlns="http://www.w3.org/1999/xhtml" xml:lang="en" lang="en">
 <head>
  <title>
</title>
<meta http-equiv="Content-Type" content="text/html;charset=utf-8" />
  <meta name='ocr-system' content='tesseract 3.04.00' />
  <meta name='ocr-capabilities' content='ocr_page ocr_carea ocr_par ocr_line ocrx_word'/>
</head>
<body>
  <div class='ocr_page' id='page_1' title='image "./novicommentariac02impe_0381.png"; bbox 0 0 1971 2700; ppageno 0'>
   <div class='ocr_carea' id='block_1_1' title="bbox 507 188 1496 247">
    <p class='ocr_par' dir='ltr' id='par_1_1' title="bbox 507 188 1496 247">
     <span class='ocr_line' id='line_1_1' title="bbox 507 188 1496 247; baseline -0.005 -11"><span class='ocrx_word' id='word_1_1' title='bbox 507 193 587 236; x_wconf 85' lang='lat' dir='ltr'>DE</span> <span class='ocrx_word' id='word_1_2' title='bbox 615 189 842 236; x_wconf 77' lang='lat' dir='ltr'><strong><em>BESTHS</em></strong></span> <span class='ocrx_word' id='word_1_3' title='bbox 875 188 1153 237; x_wconf 73' lang='lat' dir='ltr'><em>MARIMS.</em></span> <span class='ocrx_word' id='word_1_4' title='bbox 1412 207 1496 247; x_wconf 72' lang='lat'>345</span> 
     </span>
    </p>
   </div>
   <div class='ocr_carea' id='block_1_2' title="bbox 182 303 1502 2253">
    <p class='ocr_par' dir='ltr' id='par_1_2' title="bbox 195 303 1498 413">
     <span class='ocr_line' id='line_1_2' title="bbox 195 303 1498 363; baseline -0.002 -13"><span class='ocrx_word' id='word_1_5' title='bbox 195 309 296 363; x_wconf 87' lang='lat' dir='ltr'>quod</span> <span class='ocrx_word' id='word_1_6' title='bbox 327 317 432 350; x_wconf 86' lang='lat' dir='ltr'>antea</span> <span class='ocrx_word' id='word_1_7' title='bbox 462 306 595 347; x_wconf 83' lang='lat' dir='ltr'>vrachi</span> <span class='ocrx_word' id='word_1_8' title='bbox 626 306 727 363; x_wconf 59' lang='lat' dir='ltr'>vice}</span> <span class='ocrx_word' id='word_1_9' title='bbox 759 304 879 347; x_wconf 83' lang='lat' dir='ltr'>subiit.</span> <span class='ocrx_word' id='word_1_10' title='bbox 947 303 1204 359; x_wconf 81' lang='lat' dir='ltr'>Magnitudine</span> <span class='ocrx_word' id='word_1_11' title='bbox 1243 314 1372 358; x_wconf 83' lang='lat' dir='ltr'>aequat</span> <span class='ocrx_word' id='word_1_12' title='bbox 1405 309 1498 348; x_wconf 82' lang='lat' dir='ltr'>vesi-</span> 
     </span>
     <span class='ocr_line' id='line_1_3' title="bbox 196 373 1020 413; baseline -0.013 0"><span class='ocrx_word' id='word_1_13' title='bbox 196 386 282 413; x_wconf 91' lang='lat' dir='ltr'>cam</span> <span class='ocrx_word' id='word_1_14' title='bbox 316 373 474 413; x_wconf 89' lang='lat' dir='ltr'>Phocae.</span> <span class='ocrx_word' id='word_1_15' title='bbox 1017 382 1020 385; x_wconf 95' lang='lat'><em>·</em></span> 
     </span>
    </p>

    <p class='ocr_par' dir='ltr' id='par_1_3' title="bbox 194 426 1500 614">
     <span class='ocr_line' id='line_1_4' title="bbox 314 426 1500 485; baseline -0.003 -8"><span class='ocrx_word' id='word_1_16' title='bbox 314 426 538 477; x_wconf 83' lang='lat' dir='ltr'>Glandulam</span> <span class='ocrx_word' id='word_1_17' title='bbox 572 432 726 485; x_wconf 86' lang='lat' dir='ltr'>thymus</span> <span class='ocrx_word' id='word_1_18' title='bbox 767 446 842 473; x_wconf 88' lang='lat' dir='ltr'>non</span> <span class='ocrx_word' id='word_1_19' title='bbox 891 441 1040 473; x_wconf 83' lang='lat' dir='ltr'>tantum</span> <span class='ocrx_word' id='word_1_20' title='bbox 1073 433 1112 473; x_wconf 90' lang='lat' dir='ltr'>in</span> <span class='ocrx_word' id='word_1_21' title='bbox 1146 445 1271 473; x_wconf 88' lang='lat' dir='ltr'>recens</span> <span class='ocrx_word' id='word_1_22' title='bbox 1319 432 1412 472; x_wconf 82' lang='lat' dir='ltr'>natis</span> <span class='ocrx_word' id='word_1_23' title='bbox 1464 444 1500 473; x_wconf 87' lang='lat' dir='ltr'>et</span> 
     </span>
     <span class='ocr_line' id='line_1_5' title="bbox 195 496 1498 549; baseline -0.002 -10"><span class='ocrx_word' id='word_1_24' title='bbox 195 512 334 539; x_wconf 88' lang='lat' dir='ltr'>annum</span> <span class='ocrx_word' id='word_1_25' title='bbox 368 510 483 538; x_wconf 86' lang='lat' dir='ltr'>vnum</span> <span class='ocrx_word' id='word_1_26' title='bbox 518 497 677 549; x_wconf 84' lang='lat' dir='ltr'>adultis,</span> <span class='ocrx_word' id='word_1_27' title='bbox 712 509 849 538; x_wconf 87' lang='lat' dir='ltr'>verum</span> <span class='ocrx_word' id='word_1_28' title='bbox 881 498 918 537; x_wconf 87' lang='lat' dir='ltr'>in</span> <span class='ocrx_word' id='word_1_29' title='bbox 951 497 1075 537; x_wconf 85' lang='lat' dir='ltr'>bienni</span> <span class='ocrx_word' id='word_1_30' title='bbox 1108 496 1270 538; x_wconf 85' lang='lat' dir='ltr'>hucdum</span> <span class='ocrx_word' id='word_1_31' title='bbox 1317 497 1498 537; x_wconf 64' lang='lat' dir='ltr'>maiorem</span> 
     </span>
     <span class='ocr_line' id='line_1_6' title="bbox 194 561 857 614; baseline -0.005 -12"><span class='ocrx_word' id='word_1_32' title='bbox 194 563 316 602; x_wconf 87' lang='lat' dir='ltr'>inueni</span> <span class='ocrx_word' id='word_1_33' title='bbox 335 593 345 612; x_wconf 83' lang='lat'>,</span> <span class='ocrx_word' id='word_1_34' title='bbox 378 573 488 614; x_wconf 87' lang='lat' dir='ltr'>quam</span> <span class='ocrx_word' id='word_1_35' title='bbox 519 561 556 599; x_wconf 91' lang='lat' dir='ltr'>in</span> <span class='ocrx_word' id='word_1_36' title='bbox 591 573 717 601; x_wconf 85' lang='lat' dir='ltr'>recens</span> <span class='ocrx_word' id='word_1_37' title='bbox 750 562 857 600; x_wconf 89' lang='lat' dir='ltr'>natis.</span> 
     </span>
    </p>

    <p class='ocr_par' dir='ltr' id='par_1_4' title="bbox 194 622 1501 740">
     <span class='ocr_line' id='line_1_7' title="bbox 306 622 1501 678; baseline -0.001 -14"><span class='ocrx_word' id='word_1_38' title='bbox 306 623 349 664; x_wconf 90' lang='lat' dir='ltr'>In</span> <span class='ocrx_word' id='word_1_39' title='bbox 383 623 573 678; x_wconf 86' lang='lat' dir='ltr'>superficie</span> <span class='ocrx_word' id='word_1_40' title='bbox 608 624 714 664; x_wconf 85' lang='lat' dir='ltr'>lienis</span> <span class='ocrx_word' id='word_1_41' title='bbox 743 624 949 664; x_wconf 85' lang='lat' dir='ltr'>catulorum</span> <span class='ocrx_word' id='word_1_42' title='bbox 984 636 1027 664; x_wconf 88' lang='lat' dir='ltr'>ea</span> <span class='ocrx_word' id='word_1_43' title='bbox 1044 632 1175 677; x_wconf 84' lang='lat' dir='ltr'>parte,</span> <span class='ocrx_word' id='word_1_44' title='bbox 1211 623 1273 663; x_wconf 87' lang='lat' dir='ltr'>vbi</span> <span class='ocrx_word' id='word_1_45' title='bbox 1315 622 1501 663; x_wconf 83' lang='lat' dir='ltr'>ventricu-</span> 
     </span>
     <span class='ocr_line' id='line_1_8' title="bbox 194 686 1273 740; baseline -0.004 -11"><span class='ocrx_word' id='word_1_46' title='bbox 194 689 232 729; x_wconf 95' lang='lat' dir='ltr'>lo</span> <span class='ocrx_word' id='word_1_47' title='bbox 263 687 460 740; x_wconf 79' lang='lat' dir='ltr'>adhaeret,</span> <span class='ocrx_word' id='word_1_48' title='bbox 494 687 698 740; x_wconf 80' lang='lat' dir='ltr'>permultas</span> <span class='ocrx_word' id='word_1_49' title='bbox 727 687 913 740; x_wconf 71' lang='lat' dir='ltr'>glandulas</span> <span class='ocrx_word' id='word_1_50' title='bbox 943 686 1103 727; x_wconf 85' lang='lat' dir='ltr'>miliares</span> <span class='ocrx_word' id='word_1_51' title='bbox 1137 688 1273 739; x_wconf 88' lang='lat' dir='ltr'>reperi.</span> 
     </span>
    </p>

    <p class='ocr_par' dir='ltr' id='par_1_5' title="bbox 191 749 1499 932">
     <span class='ocr_line' id='line_1_9' title="bbox 310 749 1499 800; baseline -0.002 -9"><span class='ocrx_word' id='word_1_52' title='bbox 310 751 365 792; x_wconf 83' lang='lat' dir='ltr'>lta</span> <span class='ocrx_word' id='word_1_53' title='bbox 398 760 436 791; x_wconf 89' lang='lat' dir='ltr'>et</span> <span class='ocrx_word' id='word_1_54' title='bbox 467 751 504 790; x_wconf 91' lang='lat' dir='ltr'>in</span> <span class='ocrx_word' id='word_1_55' title='bbox 537 751 665 790; x_wconf 86' lang='lat' dir='ltr'>catulis</span> <span class='ocrx_word' id='word_1_56' title='bbox 697 749 881 790; x_wconf 72' lang='lat' dir='ltr'>obseruaui</span> <span class='ocrx_word' id='word_1_57' title='bbox 911 749 1028 800; x_wconf 88' lang='lat' dir='ltr'>cystin</span> <span class='ocrx_word' id='word_1_58' title='bbox 1065 749 1209 788; x_wconf 85' lang='lat' dir='ltr'>felleam</span> <span class='ocrx_word' id='word_1_59' title='bbox 1230 750 1327 789; x_wconf 89' lang='lat' dir='ltr'>circa</span> <span class='ocrx_word' id='word_1_60' title='bbox 1346 749 1499 789; x_wconf 83' lang='lat' dir='ltr'>fundum</span> 
     </span>
     <span class='ocr_line' id='line_1_10' title="bbox 194 811 1496 866; baseline -0.003 -11"><span class='ocrx_word' id='word_1_61' title='bbox 194 815 406 855; x_wconf 83' lang='lat' dir='ltr'>membrana</span> <span class='ocrx_word' id='word_1_62' title='bbox 439 814 693 865; x_wconf 84' lang='lat' dir='ltr'>circumdari,</span> <span class='ocrx_word' id='word_1_63' title='bbox 726 813 827 853; x_wconf 81' lang='lat' dir='ltr'>cuius</span> <span class='ocrx_word' id='word_1_64' title='bbox 857 824 935 866; x_wconf 90' lang='lat' dir='ltr'>ope</span> <span class='ocrx_word' id='word_1_65' title='bbox 968 812 1108 852; x_wconf 88' lang='lat' dir='ltr'>duobus</span> <span class='ocrx_word' id='word_1_66' title='bbox 1139 812 1256 865; x_wconf 82' lang='lat' dir='ltr'>epatis</span> <span class='ocrx_word' id='word_1_67' title='bbox 1287 812 1380 852; x_wconf 82' lang='lat' dir='ltr'>lobis</span> <span class='ocrx_word' id='word_1_68' title='bbox 1416 811 1496 852; x_wconf 79' lang='lat' dir='ltr'>affi-</span> 
     </span>
     <span class='ocr_line' id='line_1_11' title="bbox 191 876 1122 932; baseline -0.004 -14"><span class='ocrx_word' id='word_1_69' title='bbox 191 888 325 932; x_wconf 82' lang='lat' dir='ltr'>gatur,</span> <span class='ocrx_word' id='word_1_70' title='bbox 357 878 461 918; x_wconf 80' lang='lat' dir='ltr'>aliter</span> <span class='ocrx_word' id='word_1_71' title='bbox 492 891 530 918; x_wconf 88' lang='lat' dir='ltr'>ac</span> <span class='ocrx_word' id='word_1_72' title='bbox 562 879 600 917; x_wconf 87' lang='lat' dir='ltr'>in</span> <span class='ocrx_word' id='word_1_73' title='bbox 634 877 854 917; x_wconf 85' lang='lat' dir='ltr'>terrestribus</span> <span class='ocrx_word' id='word_1_74' title='bbox 892 876 1122 916; x_wconf 79' lang='lat' dir='ltr'>animalibus.</span> 
     </span>
    </p>

    <p class='ocr_par' dir='ltr' id='par_1_6' title="bbox 190 939 1500 1046">
     <span class='ocr_line' id='line_1_12' title="bbox 305 939 1500 994; baseline -0.002 -12"><span class='ocrx_word' id='word_1_75' title='bbox 305 940 448 982; x_wconf 76' lang='lat' dir='ltr'>Duc&#39;tus</span> <span class='ocrx_word' id='word_1_76' title='bbox 497 939 745 981; x_wconf 85' lang='lat' dir='ltr'>cholidochus</span> <span class='ocrx_word' id='word_1_77' title='bbox 790 953 828 978; x_wconf 92' lang='lat'>1.</span> <span class='ocrx_word' id='word_1_78' title='bbox 881 939 1019 994; x_wconf 88' lang='lat' dir='ltr'><strong>pollice</strong></span> <span class='ocrx_word' id='word_1_79' title='bbox 1069 951 1091 979; x_wconf 85' lang='lat' dir='ltr'>a</span> <span class='ocrx_word' id='word_1_80' title='bbox 1142 939 1279 993; x_wconf 89' lang='lat' dir='ltr'>pyloro</span> <span class='ocrx_word' id='word_1_81' title='bbox 1325 939 1500 980; x_wconf 88' lang='lat' dir='ltr'>duodeno</span> 
     </span>
     <span class='ocr_line' id='line_1_13' title="bbox 190 1004 366 1046; baseline 0 -2"><span class='ocrx_word' id='word_1_82' title='bbox 190 1004 366 1046; x_wconf 81' lang='lat' dir='ltr'>inseritur.</span> 
     </span>
    </p>

    <p class='ocr_par' dir='ltr' id='par_1_7' title="bbox 185 1065 1498 1305">
     <span class='ocr_line' id='line_1_14' title="bbox 304 1065 1496 1120; baseline -0.002 -13"><span class='ocrx_word' id='word_1_83' title='bbox 304 1066 524 1109; x_wconf 77' lang='lat' dir='ltr'>Catulorum</span> <span class='ocrx_word' id='word_1_84' title='bbox 545 1082 671 1120; x_wconf 83' lang='lat' dir='ltr'>renes,</span> <span class='ocrx_word' id='word_1_85' title='bbox 690 1079 732 1108; x_wconf 85' lang='lat' dir='ltr'>vt</span> <span class='ocrx_word' id='word_1_86' title='bbox 752 1068 787 1108; x_wconf 90' lang='lat' dir='ltr'>in</span> <span class='ocrx_word' id='word_1_87' title='bbox 822 1068 1017 1108; x_wconf 80' lang='lat' dir='ltr'>infantibus</span> <span class='ocrx_word' id='word_1_88' title='bbox 1037 1068 1128 1107; x_wconf 84' lang='lat' dir='ltr'>solet</span> <span class='ocrx_word' id='word_1_89' title='bbox 1141 1097 1152 1118; x_wconf 93' lang='lat'>,</span> <span class='ocrx_word' id='word_1_90' title='bbox 1171 1067 1209 1106; x_wconf 92' lang='lat' dir='ltr'>in</span> <span class='ocrx_word' id='word_1_91' title='bbox 1227 1065 1348 1119; x_wconf 87' lang='lat' dir='ltr'>plures</span> <span class='ocrx_word' id='word_1_92' title='bbox 1364 1078 1496 1105; x_wconf 87' lang='lat' dir='ltr'>renun-</span> 
     </span>
     <span class='ocr_line' id='line_1_15' title="bbox 189 1130 1496 1183; baseline -0.002 -13"><span class='ocrx_word' id='word_1_93' title='bbox 189 1130 293 1170; x_wconf 89' lang='lat' dir='ltr'>culos</span> <span class='ocrx_word' id='word_1_94' title='bbox 326 1131 546 1183; x_wconf 82' lang='lat' dir='ltr'>hexag‹·)nos</span> <span class='ocrx_word' id='word_1_95' title='bbox 579 1132 708 1171; x_wconf 81' lang='lat' dir='ltr'>diuisos</span> <span class='ocrx_word' id='word_1_96' title='bbox 740 1131 863 1181; x_wconf 87' lang='lat' dir='ltr'>reperi</span> <span class='ocrx_word' id='word_1_97' title='bbox 883 1161 893 1179; x_wconf 82' lang='lat'>‚</span> <span class='ocrx_word' id='word_1_98' title='bbox 911 1143 952 1168; x_wconf 86' lang='lat' dir='ltr'>ac</span> <span class='ocrx_word' id='word_1_99' title='bbox 973 1130 1135 1182; x_wconf 86' lang='lat' dir='ltr'>vndique</span> <span class='ocrx_word' id='word_1_100' title='bbox 1155 1130 1316 1180; x_wconf 75' lang='lat' dir='ltr'>virgatos</span> <span class='ocrx_word' id='word_1_101' title='bbox 1335 1161 1345 1179; x_wconf 84' lang='lat'>‚</span> <span class='ocrx_word' id='word_1_102' title='bbox 1372 1140 1496 1168; x_wconf 88' lang='lat' dir='ltr'>mem-</span> 
     </span>
     <span class='ocr_line' id='line_1_16' title="bbox 189 1190 1498 1243; baseline -0.002 -11"><span class='ocrx_word' id='word_1_103' title='bbox 189 1192 298 1232; x_wconf 84' lang='lat' dir='ltr'>brana</span> <span class='ocrx_word' id='word_1_104' title='bbox 330 1193 444 1231; x_wconf 80' lang='lat' dir='ltr'>altera</span> <span class='ocrx_word' id='word_1_105' title='bbox 474 1203 576 1230; x_wconf 83' lang='lat' dir='ltr'>renes</span> <span class='ocrx_word' id='word_1_106' title='bbox 593 1192 819 1230; x_wconf 79' lang='lat' dir='ltr'>immediate</span> <span class='ocrx_word' id='word_1_107' title='bbox 836 1191 1034 1231; x_wconf 88' lang='lat' dir='ltr'>involuens</span> <span class='ocrx_word' id='word_1_108' title='bbox 1051 1223 1062 1243; x_wconf 80' lang='lat'>,</span> <span class='ocrx_word' id='word_1_109' title='bbox 1082 1192 1229 1231; x_wconf 84' lang='lat' dir='ltr'>renibus</span> <span class='ocrx_word' id='word_1_110' title='bbox 1248 1204 1325 1231; x_wconf 92' lang='lat' dir='ltr'>non</span> <span class='ocrx_word' id='word_1_111' title='bbox 1363 1190 1498 1231; x_wconf 85' lang='lat' dir='ltr'>adhae-</span> 
     </span>
     <span class='ocr_line' id='line_1_17' title="bbox 185 1252 1494 1305; baseline -0.002 -10"><span class='ocrx_word' id='word_1_112' title='bbox 185 1252 347 1295; x_wconf 80' lang='lat' dir='ltr'>rescebat</span> <span class='ocrx_word' id='word_1_113' title='bbox 364 1285 375 1304; x_wconf 85' lang='lat'>,</span> <span class='ocrx_word' id='word_1_114' title='bbox 405 1262 446 1293; x_wconf 88' lang='lat' dir='ltr'>vt</span> <span class='ocrx_word' id='word_1_115' title='bbox 462 1253 501 1293; x_wconf 88' lang='lat' dir='ltr'>in</span> <span class='ocrx_word' id='word_1_116' title='bbox 527 1253 621 1294; x_wconf 89' lang='lat' dir='ltr'>lutra</span> <span class='ocrx_word' id='word_1_117' title='bbox 641 1254 783 1293; x_wconf 82' lang='lat' dir='ltr'>marina</span> <span class='ocrx_word' id='word_1_118' title='bbox 804 1286 815 1305; x_wconf 88' lang='lat'>,</span> <span class='ocrx_word' id='word_1_119' title='bbox 834 1253 892 1294; x_wconf 91' lang='lat' dir='ltr'>sed</span> <span class='ocrx_word' id='word_1_120' title='bbox 913 1254 1016 1295; x_wconf 86' lang='lat' dir='ltr'>illam</span> <span class='ocrx_word' id='word_1_121' title='bbox 1037 1255 1156 1295; x_wconf 88' lang='lat' dir='ltr'>vbiuis</span> <span class='ocrx_word' id='word_1_122' title='bbox 1182 1254 1298 1294; x_wconf 84' lang='lat' dir='ltr'>libera</span> <span class='ocrx_word' id='word_1_123' title='bbox 1317 1255 1494 1294; x_wconf 76' lang='lat' dir='ltr'><strong>ambibat.</strong></span> 
     </span>
    </p>

    <p class='ocr_par' dir='ltr' id='par_1_8' title="bbox 182 1314 1501 1623">
     <span class='ocr_line' id='line_1_18' title="bbox 298 1314 1501 1370; baseline 0.001 -15"><span class='ocrx_word' id='word_1_124' title='bbox 298 1314 522 1357; x_wconf 83' lang='lat' dir='ltr'>Catulorum</span> <span class='ocrx_word' id='word_1_125' title='bbox 555 1317 694 1370; x_wconf 87' lang='lat' dir='ltr'>pariter</span> <span class='ocrx_word' id='word_1_126' title='bbox 725 1326 853 1357; x_wconf 83' lang='lat' dir='ltr'>vterus</span> <span class='ocrx_word' id='word_1_127' title='bbox 883 1318 980 1358; x_wconf 81' lang='lat' dir='ltr'>mihi</span> <span class='ocrx_word' id='word_1_128' title='bbox 1029 1318 1139 1358; x_wconf 83' lang='lat' dir='ltr'>valde</span> <span class='ocrx_word' id='word_1_129' title='bbox 1190 1317 1363 1358; x_wconf 85' lang='lat' dir='ltr'>notabilis</span> <span class='ocrx_word' id='word_1_130' title='bbox 1406 1316 1501 1357; x_wconf 83' lang='lat' dir='ltr'>visus</span> 
     </span>
     <span class='ocr_line' id='line_1_19' title="bbox 182 1377 1498 1432; baseline 0 -14"><span class='ocrx_word' id='word_1_131' title='bbox 182 1377 278 1431; x_wconf 84' lang='lat' dir='ltr'>fuit,</span> <span class='ocrx_word' id='word_1_132' title='bbox 312 1380 483 1419; x_wconf 85' lang='lat' dir='ltr'>intestino</span> <span class='ocrx_word' id='word_1_133' title='bbox 518 1381 623 1420; x_wconf 67' lang='lat' dir='ltr'>ree‘to</span> <span class='ocrx_word' id='word_1_134' title='bbox 656 1380 928 1432; x_wconf 84' lang='lat' dir='ltr'>incumbebat,</span> <span class='ocrx_word' id='word_1_135' title='bbox 963 1394 1006 1420; x_wconf 88' lang='lat' dir='ltr'>ac</span> <span class='ocrx_word' id='word_1_136' title='bbox 1041 1382 1183 1420; x_wconf 75' lang='lat' dir='ltr'>duobus</span> <span class='ocrx_word' id='word_1_137' title='bbox 1214 1379 1280 1420; x_wconf 86' lang='lat' dir='ltr'>suis</span> <span class='ocrx_word' id='word_1_138' title='bbox 1314 1379 1498 1419; x_wconf 83' lang='lat' dir='ltr'>cornubus</span> 
     </span>
     <span class='ocr_line' id='line_1_20' title="bbox 183 1443 1498 1495; baseline 0.001 -15"><span class='ocrx_word' id='word_1_139' title='bbox 183 1443 374 1495; x_wconf 71' lang='lat' dir='ltr'>Vtrimque</span> <span class='ocrx_word' id='word_1_140' title='bbox 408 1444 454 1483; x_wconf 85' lang='lat' dir='ltr'>ad</span> <span class='ocrx_word' id='word_1_141' title='bbox 486 1454 590 1482; x_wconf 83' lang='lat' dir='ltr'>renes</span> <span class='ocrx_word' id='word_1_142' title='bbox 642 1444 820 1483; x_wconf 81' lang='lat' dir='ltr'>tendebat</span> <span class='ocrx_word' id='word_1_143' title='bbox 840 1477 850 1495; x_wconf 86' lang='lat'>,</span> <span class='ocrx_word' id='word_1_144' title='bbox 899 1456 1037 1483; x_wconf 86' lang='lat' dir='ltr'>cornua</span> <span class='ocrx_word' id='word_1_145' title='bbox 1073 1445 1150 1483; x_wconf 88' lang='lat' dir='ltr'>iam</span> <span class='ocrx_word' id='word_1_146' title='bbox 1183 1453 1261 1483; x_wconf 86' lang='lat' dir='ltr'>tum</span> <span class='ocrx_word' id='word_1_147' title='bbox 1314 1443 1498 1494; x_wconf 78' lang='lat' dir='ltr'>temporis</span> 
     </span>
     <span class='ocr_line' id='line_1_21' title="bbox 185 1505 1496 1559; baseline 0.002 -16"><span class='ocrx_word' id='word_1_148' title='bbox 185 1505 282 1544; x_wconf 86' lang='lat' dir='ltr'>adeo</span> <span class='ocrx_word' id='word_1_149' title='bbox 314 1507 443 1559; x_wconf 88' lang='lat' dir='ltr'>ampla</span> <span class='ocrx_word' id='word_1_150' title='bbox 476 1517 609 1557; x_wconf 90' lang='lat' dir='ltr'>eraut,</span> <span class='ocrx_word' id='word_1_151' title='bbox 647 1516 688 1546; x_wconf 88' lang='lat' dir='ltr'>vt</span> <span class='ocrx_word' id='word_1_152' title='bbox 723 1507 874 1547; x_wconf 82' lang='lat' dir='ltr'>calamo</span> <span class='ocrx_word' id='word_1_153' title='bbox 909 1507 1076 1546; x_wconf 82' lang='lat' dir='ltr'>anserino</span> <span class='ocrx_word' id='word_1_154' title='bbox 1108 1506 1258 1546; x_wconf 81' lang='lat' dir='ltr'>facilem</span> <span class='ocrx_word' id='word_1_155' title='bbox 1301 1507 1496 1546; x_wconf 85' lang='lat' dir='ltr'>transitum</span> 
     </span>
     <span class='ocr_line' id='line_1_22' title="bbox 188 1568 1307 1623; baseline 0.001 -16"><span class='ocrx_word' id='word_1_156' title='bbox 188 1568 463 1620; x_wconf 85' lang='lat' dir='ltr'>permitterent.</span> <span class='ocrx_word' id='word_1_157' title='bbox 531 1570 658 1610; x_wconf 87' lang='lat' dir='ltr'>Testes</span> <span class='ocrx_word' id='word_1_158' title='bbox 692 1569 859 1623; x_wconf 88' lang='lat' dir='ltr'>phaseoli</span> <span class='ocrx_word' id='word_1_159' title='bbox 893 1570 1154 1623; x_wconf 83' lang='lat' dir='ltr'>magnitudine</span> <span class='ocrx_word' id='word_1_160' title='bbox 1189 1579 1307 1609; x_wconf 82' lang='lat' dir='ltr'>erant.</span> 
     </span>
    </p>

    <p class='ocr_par' dir='ltr' id='par_1_9' title="bbox 184 1631 1496 1808">
     <span class='ocr_line' id='line_1_23' title="bbox 299 1631 1496 1686; baseline -0.002 -14"><span class='ocrx_word' id='word_1_161' title='bbox 299 1631 362 1672; x_wconf 87' lang='lat' dir='ltr'>Ad</span> <span class='ocrx_word' id='word_1_162' title='bbox 395 1645 507 1672; x_wconf 90' lang='lat' dir='ltr'>anum</span> <span class='ocrx_word' id='word_1_163' title='bbox 543 1634 580 1672; x_wconf 90' lang='lat' dir='ltr'>in</span> <span class='ocrx_word' id='word_1_164' title='bbox 613 1634 735 1673; x_wconf 88' lang='lat' dir='ltr'>catulo</span> <span class='ocrx_word' id='word_1_165' title='bbox 767 1632 946 1673; x_wconf 84' lang='lat' dir='ltr'>foemella</span> <span class='ocrx_word' id='word_1_166' title='bbox 978 1632 1164 1686; x_wconf 81' lang='lat' dir='ltr'>glandulas</span> <span class='ocrx_word' id='word_1_167' title='bbox 1203 1633 1320 1683; x_wconf 79' lang='lat' dir='ltr'>duas,</span> <span class='ocrx_word' id='word_1_168' title='bbox 1374 1641 1418 1672; x_wconf 85' lang='lat' dir='ltr'>vt</span> <span class='ocrx_word' id='word_1_169' title='bbox 1457 1632 1496 1671; x_wconf 93' lang='lat' dir='ltr'>in</span> 
     </span>
     <span class='ocr_line' id='line_1_24' title="bbox 185 1695 1494 1750; baseline 0.002 -19"><span class='ocrx_word' id='word_1_170' title='bbox 185 1695 383 1734; x_wconf 86' lang='lat' dir='ltr'>vermineo</span> <span class='ocrx_word' id='word_1_171' title='bbox 415 1708 553 1749; x_wconf 85' lang='lat' dir='ltr'>genere</span> <span class='ocrx_word' id='word_1_172' title='bbox 585 1696 774 1737; x_wconf 82' lang='lat' dir='ltr'>obseruaui</span> <span class='ocrx_word' id='word_1_173' title='bbox 794 1730 804 1747; x_wconf 76' lang='lat'>,</span> <span class='ocrx_word' id='word_1_174' title='bbox 838 1710 928 1750; x_wconf 88' lang='lat' dir='ltr'>quas</span> <span class='ocrx_word' id='word_1_175' title='bbox 962 1697 999 1736; x_wconf 91' lang='lat' dir='ltr'>in</span> <span class='ocrx_word' id='word_1_176' title='bbox 1035 1695 1166 1736; x_wconf 80' lang='lat' dir='ltr'>adultis</span> <span class='ocrx_word' id='word_1_177' title='bbox 1191 1695 1331 1736; x_wconf 80' lang='lat' dir='ltr'>senibus</span> <span class='ocrx_word' id='word_1_178' title='bbox 1372 1695 1494 1735; x_wconf 78' lang='lat' dir='ltr'>frustra</span> 
     </span>
     <span class='ocr_line' id='line_1_25' title="bbox 184 1754 448 1808; baseline 0.008 -14"><span class='ocrx_word' id='word_1_179' title='bbox 184 1754 247 1795; x_wconf 89' lang='lat' dir='ltr'>diu</span> <span class='ocrx_word' id='word_1_180' title='bbox 279 1758 448 1808; x_wconf 86' lang='lat' dir='ltr'>quaesiui.</span> 
     </span>
    </p>

    <p class='ocr_par' dir='ltr' id='par_1_10' title="bbox 184 1817 1498 1938">
     <span class='ocr_line' id='line_1_26' title="bbox 298 1817 1498 1874; baseline 0.003 -16"><span class='ocrx_word' id='word_1_181' title='bbox 298 1817 420 1858; x_wconf 89' lang='lat' dir='ltr'>Sterni</span> <span class='ocrx_word' id='word_1_182' title='bbox 454 1822 672 1859; x_wconf 84' lang='lat' dir='ltr'>extremitas</span> <span class='ocrx_word' id='word_1_183' title='bbox 721 1822 960 1874; x_wconf 83' lang='lat' dir='ltr'>cartilaginea</span> <span class='ocrx_word' id='word_1_184' title='bbox 1004 1822 1056 1861; x_wconf 90' lang='lat' dir='ltr'>est</span> <span class='ocrx_word' id='word_1_185' title='bbox 1088 1834 1132 1861; x_wconf 87' lang='lat' dir='ltr'>ac</span> <span class='ocrx_word' id='word_1_186' title='bbox 1166 1820 1387 1861; x_wconf 84' lang='lat' dir='ltr'>fubrotunda</span> <span class='ocrx_word' id='word_1_187' title='bbox 1409 1854 1419 1871; x_wconf 75' lang='lat'>,</span> <span class='ocrx_word' id='word_1_188' title='bbox 1456 1830 1498 1861; x_wconf 85' lang='lat' dir='ltr'>vt</span> 
     </span>
     <span class='ocr_line' id='line_1_27' title="bbox 184 1881 879 1938; baseline 0.001 -17"><span class='ocrx_word' id='word_1_189' title='bbox 184 1881 340 1922; x_wconf 82' lang='lat' dir='ltr'>rostrum</span> <span class='ocrx_word' id='word_1_190' title='bbox 373 1883 595 1923; x_wconf 85' lang='lat' dir='ltr'>abardeolae</span> <span class='ocrx_word' id='word_1_191' title='bbox 628 1883 685 1923; x_wconf 89' lang='lat' dir='ltr'>seu</span> <span class='ocrx_word' id='word_1_192' title='bbox 718 1885 879 1938; x_wconf 82' lang='lat' dir='ltr'>plateae.</span> 
     </span>
    </p>

    <p class='ocr_par' dir='ltr' id='par_1_11' title="bbox 183 1945 1498 2188">
     <span class='ocr_line' id='line_1_28' title="bbox 299 1945 1497 2001; baseline 0.002 -16"><span class='ocrx_word' id='word_1_193' title='bbox 299 1945 419 1985; x_wconf 90' lang='lat' dir='ltr'>Plures</span> <span class='ocrx_word' id='word_1_194' title='bbox 454 1956 491 1985; x_wconf 88' lang='lat' dir='ltr'>et</span> <span class='ocrx_word' id='word_1_195' title='bbox 525 1947 728 1987; x_wconf 88' lang='lat' dir='ltr'>curatiores</span> <span class='ocrx_word' id='word_1_196' title='bbox 761 1946 1032 1989; x_wconf 85' lang='lat' dir='ltr'>obseruationes</span> <span class='ocrx_word' id='word_1_197' title='bbox 1069 1947 1121 1988; x_wconf 91' lang='lat' dir='ltr'>ob</span> <span class='ocrx_word' id='word_1_198' title='bbox 1155 1947 1229 1988; x_wconf 88' lang='lat' dir='ltr'>loci</span> <span class='ocrx_word' id='word_1_199' title='bbox 1276 1947 1497 2001; x_wconf 79' lang='lat' dir='ltr'>importuni-</span> 
     </span>
     <span class='ocr_line' id='line_1_29' title="bbox 185 2009 1497 2064; baseline 0.003 -18"><span class='ocrx_word' id='word_1_200' title='bbox 185 2016 303 2048; x_wconf 82' lang='lat' dir='ltr'>tatem</span> <span class='ocrx_word' id='word_1_201' title='bbox 335 2018 372 2048; x_wconf 81' lang='lat' dir='ltr'>et</span> <span class='ocrx_word' id='word_1_202' title='bbox 403 2009 596 2049; x_wconf 85' lang='lat' dir='ltr'>continuas</span> <span class='ocrx_word' id='word_1_203' title='bbox 630 2009 775 2062; x_wconf 86' lang='lat' dir='ltr'>pluuias</span> <span class='ocrx_word' id='word_1_204' title='bbox 808 2011 933 2052; x_wconf 85' lang='lat' dir='ltr'>subdio</span> <span class='ocrx_word' id='word_1_205' title='bbox 982 2012 1122 2064; x_wconf 88' lang='lat' dir='ltr'>aliaque</span> <span class='ocrx_word' id='word_1_206' title='bbox 1172 2013 1369 2052; x_wconf 88' lang='lat' dir='ltr'>innumera</span> <span class='ocrx_word' id='word_1_207' title='bbox 1420 2012 1497 2051; x_wconf 85' lang='lat' dir='ltr'>im-</span> 
     </span>
     <span class='ocr_line' id='line_1_30' title="bbox 183 2071 1498 2129; baseline 0.003 -19"><span class='ocrx_word' id='word_1_208' title='bbox 183 2071 404 2124; x_wconf 87' lang='lat' dir='ltr'>pedimenta</span> <span class='ocrx_word' id='word_1_209' title='bbox 422 2073 615 2113; x_wconf 80' lang='lat' dir='ltr'>elaborare</span> <span class='ocrx_word' id='word_1_210' title='bbox 665 2085 742 2113; x_wconf 89' lang='lat' dir='ltr'>non</span> <span class='ocrx_word' id='word_1_211' title='bbox 775 2074 908 2129; x_wconf 75' lang='lat' dir='ltr'>licuit3</span> <span class='ocrx_word' id='word_1_212' title='bbox 942 2075 1036 2116; x_wconf 85' lang='lat' dir='ltr'>hinc</span> <span class='ocrx_word' id='word_1_213' title='bbox 1069 2084 1107 2114; x_wconf 89' lang='lat' dir='ltr'>et</span> <span class='ocrx_word' id='word_1_214' title='bbox 1139 2073 1264 2115; x_wconf 90' lang='lat' dir='ltr'>sceleti</span> <span class='ocrx_word' id='word_1_215' title='bbox 1282 2074 1498 2128; x_wconf 84' lang='lat' dir='ltr'>descriptio-</span> 
     </span>
     <span class='ocr_line' id='line_1_31' title="bbox 183 2135 602 2188; baseline 0.007 -14"><span class='ocrx_word' id='word_1_216' title='bbox 183 2146 272 2175; x_wconf 87' lang='lat' dir='ltr'>nem</span> <span class='ocrx_word' id='word_1_217' title='bbox 307 2135 446 2188; x_wconf 85' lang='lat' dir='ltr'>prorsus</span> <span class='ocrx_word' id='word_1_218' title='bbox 478 2136 602 2177; x_wconf 87' lang='lat' dir='ltr'>omisi.</span> 
     </span>
    </p>

    <p class='ocr_par' dir='ltr' id='par_1_12' title="bbox 248 2197 1502 2253">
     <span class='ocr_line' id='line_1_32' title="bbox 248 2197 1502 2253; baseline 0.001 -14"><span class='ocrx_word' id='word_1_219' title='bbox 248 2198 367 2240; x_wconf 90' lang='lat' dir='ltr'>Tom.</span> <span class='ocrx_word' id='word_1_220' title='bbox 388 2199 440 2241; x_wconf 91' lang='grc' dir='ltr'>ΙΙ.</span> <span class='ocrx_word' id='word_1_221' title='bbox 462 2199 566 2241; x_wconf 87' lang='lat' dir='ltr'>Nou.</span> <span class='ocrx_word' id='word_1_222' title='bbox 588 2197 800 2243; x_wconf 88' lang='lat' dir='ltr'>Comment</span> <span class='ocrx_word' id='word_1_223' title='bbox 1024 2202 1068 2243; x_wconf 86' lang='lat' dir='ltr'>X</span> <span class='ocrx_word' id='word_1_224' title='bbox 1099 2213 1128 2242; x_wconf 84' lang='lat' dir='ltr'><strong>x</strong></span> <span class='ocrx_word' id='word_1_225' title='bbox 1361 2198 1502 2253; x_wconf 81' lang='lat' dir='ltr'>prorsus</span> 
     </span>
    </p>
   </div>
  </div>
 </body>
</html>
