1971 2700
516 215 614 262 394-
870 203 954 250 DE
987 202 1207 250 BESTIIS
1240 198 1515 248 MARINIS.

511 336 588 367 vna
620 323 751 366 ludunt
783 332 820 364 et
852 321 968 363 veluti
1003 319 1184 362 homines
1216 319 1459 360 anterioribus
1493 316 1646 372 pedibus
1665 315 1735 359 sese
1755 335 1835 366 mu-

514 397 585 431 tuo
614 389 879 442 amplexantur
898 419 908 438 ,
942 385 1182 437 osculantur,
1217 384 1245 425 fi
1277 386 1421 425 clauum
1468 382 1677 437 cffirgerunt
1698 415 1708 434 ,
1746 389 1840 439 quast

514 455 686 494 venatori
717 452 913 491 illudentes
945 449 1055 489 valde
1089 448 1243 489 ridicule
1286 449 1543 502 gelliculantur
1564 481 1573 499 ‚
1615 459 1696 487 vno
1748 452 1843 502 pede

514 517 620 569 supra
651 524 764 569 caput
796 514 899 554 clato
933 513 1138 554 hominem
1172 512 1346 553 continue
1388 513 1572 552 intuentur
1593 543 1604 563 ,
1659 512 1755 564 qmsi
1790 526 1844 555 m-

510 578 571 619 dii
604 577 686 619 solis
726 578 798 622 illis
845 577 994 619 molesti
1029 574 1177 630 essent,
1231 577 1269 617 in
1303 575 1415 617 dorso
1465 578 1622 616 iacentes
1669 576 1843 629 pudenda

513 641 684 697 scalpunt
702 675 714 695 ,
749 642 926 684 continue
959 641 1143 682 intuendo
1176 639 1380 682 hominem
1404 672 1415 691 ‚
1436 653 1570 695 nquam
1599 639 1750 682 subeunt
1767 640 1849 684 vri-

517 708 644 750 nando
676 707 812 749 eadem
845 707 1014 759 ratione,
1042 718 1084 748 ac
1117 705 1191 748 vrfi
1226 705 1364 747 marini
1407 716 1447 745 et
1488 705 1656 746 balenae.

635 833 894 877 Concubitum
929 833 1121 876 celebrant
1154 835 1263 874 omni
1298 844 1476 888 tempore
1511 833 1677 888 adeoque
1709 843 1748 876 et
1782 847 1852 890 per

516 909 646 941 totum
679 913 822 940 annum
866 909 1008 940 matres
1045 909 1136 937 cum
1186 898 1317 938 catulis
1367 908 1573 952 (neupatae
1621 910 1851 941 cernuntur:

515 977 612 1004 num
648 964 702 1004 bis
721 995 733 1014 ,
767 975 859 1004 num
881 974 955 1003 vna
974 960 1094 1002 fiiltim
1129 960 1215 1001 vice
1250 963 1428 1016 pariant,
1460 963 1660 1003 decernere
1693 976 1769 1004 non
1788 976 1856 1004 au·

516 1027 595 1069 deo
617 1058 628 1078 ,
663 1026 744 1069 vidi
796 1036 835 1067 et
882 1026 1080 1080 aliquoties
1111 1035 1251 1066 matres
1285 1038 1375 1066 cum
1409 1027 1552 1066 duobus
1581 1027 1714 1068 catulis
1750 1028 1856 1068 occi·

516 1091 590 1142 di,
624 1104 786 1145 quorum
822 1103 919 1132 vnus
948 1101 1110 1138 annuus,
1130 1089 1224 1129 alter
1259 1099 1311 1141 3,
1343 1103 1374 1140 4
1410 1089 1598 1130 mensium
1632 1100 1742 1141 crat,
1777 1090 1854 1132 hoc

519 1163 667 1193 certum
704 1153 756 1193 est
789 1165 870 1192 vno
902 1153 1030 1193 catulo
1067 1151 1191 1204 plures
1225 1165 1419 1205 nunquam
1454 1153 1517 1193 vel
1553 1152 1734 1194 rarissime
1785 1153 1856 1195 sal-

519 1217 594 1256 tim
628 1228 757 1269 parere
777 1248 789 1266 ,
823 1216 954 1269 primo
987 1226 1085 1255 anno
1118 1213 1202 1267 post
1236 1224 1387 1267 partum
1422 1226 1501 1254 non
1527 1217 1853 1272 congrediuntur,

517 1278 580 1320 sed
613 1278 775 1319 secundo
805 1280 965 1318 demum
1002 1278 1152 1317 foetum
1202 1289 1272 1330 per
1307 1282 1329 1319 8
1367 1287 1405 1317 et
1439 1290 1480 1327 9.
1520 1278 1660 1319 menses
1699 1281 1737 1320 in
1771 1291 1856 1323 vte-

518 1356 567 1384 ro
599 1342 772 1396 gestant,
809 1341 896 1382 hinc
931 1350 970 1381 et
1003 1338 1170 1394 perscire
1202 1338 1387 1380 absolutos
1419 1345 1536 1381 edunt
1558 1343 1698 1381 catulos
1718 1375 1729 1395 ,
1763 1356 1857 1385 ocu-

518 1407 564 1448 lis
594 1407 731 1460 apertis
763 1414 801 1445 et
835 1405 1004 1445 dentibus
1036 1402 1218 1443 omuibus
1248 1403 1438 1456 praeditos
1458 1435 1469 1454 ,
1511 1417 1543 1453 4
1591 1405 1718 1444 canini
1767 1406 1857 1448 soli.

519 1481 564 1511 to
596 1480 745 1511 tantum
778 1469 946 1510 minores
979 1467 1080 1519 sunt,
1114 1466 1252 1507 endem
1286 1467 1432 1506 ratione
1468 1478 1511 1506 ac
1548 1465 1588 1506 in
1621 1466 1856 1523 vrfis,⁴pho-

518 1536 573 1576 cis
603 1545 642 1575 et
675 1533 845 1575 leonibus
877 1532 1030 1575 marinis
1086 1531 1202 1584 vidi·,
1243 1530 1386 1571 catulos
1435 1530 1508 1571 vix
1562 1542 1639 1570 non
1689 1544 1755 1585 per
1794 1533 1854 1575 in-

520 1607 674 1653 tegrum
708 1611 849 1638 annum
883 1595 1060 1639 vberibus
1090 1594 1231 1636 lactant
1250 1627 1260 1646 ,
1296 1605 1475 1636 amorem
1495 1594 1742 1648 coniugalem
1760 1609 1855 1639 con-

524 1661 741 1704 stiutiii‘ime
776 1661 952 1714 seruant,
987 1671 1059 1701 nec
1091 1671 1177 1700 mas
1209 1658 1332 1712 plures
1363 1670 1439 1698 vna
1478 1658 1654 1699 foemella
1704 1661 1858 1715 ample-

523 1738 658 1778 xatur,
687 1735 766 1766 tam
801 1727 839 1766 in
874 1726 994 1773 mari,
1030 1735 1146 1777 qnam
1183 1723 1220 1763 in
1254 1724 1475 1763 continente
1503 1735 1577 1762 vna
1611 1722 1761 1777 semper
1788 1727 1854 1766 de-

526 1801 618 1845 gunt
640 1821 652 1840 ‚
685 1789 795 1830 catuli
829 1790 943 1829 annui
978 1786 1183 1829 Koschloki
1204 1819 1215 1838 ,
1263 1797 1462 1841 antequam
1517 1786 1749 1840 peculiarem
1802 1788 1855 1830 fit-

528 1854 683 1896 miliam
715 1865 791 1893 non
828 1853 1062 1894 instituerunt
1081 1883 1092 1902 ‚
1126 1850 1276 1904 semper
1308 1863 1398 1891 cum
1431 1850 1643 1904 parentibus
1685 1863 1757 1891 vna
1788 1852 1856 1893 de·

527 1929 621 1972 gunt
640 1951 651 1970 ‚
685 1919 736 1958 ita
767 1926 806 1957 et
837 1929 924 1957 raro
957 1915 1159 1957 foemcuae
1190 1916 1324 1969 absque
1358 1915 1488 1954 catulis
1520 1913 1555 1952 bi
1576 1939 1588 1944 -
1611 1915 1855 1958 trimestribus

530 1980 766 2022 Medwiedki
798 1981 909 2023 dietis
958 1992 1174 2021 ccrnunrur.
1241 1978 1455 2019 Foemellae
1507 1975 1657 2030 (emper
1691 1979 1727 2018 in
1760 1992 1853 2021 con·

531 2044 676 2084 tinente
711 2045 861 2096 pariunt
881 2077 893 2096 ,
923 2044 1064 2083 catulos
1095 2042 1230 2083 tamin
1266 2040 1395 2090 mari,
1426 2052 1540 2093 quarn
1577 2041 1614 2080 in
1648 2043 1848 2083 continen-

531 2116 570 2148 te
603 2119 670 2148 orc
704 2109 851 2159 {emper
883 2106 1052 2159 gestant,
1086 2104 1319 2145 dormientes
1353 2103 1390 2142 in
1426 2104 1519 2144 mari
1556 2103 1639 2144 illos
1658 2105 1753 2145 intra
1787 2117 1851 2160 pe-

529 2171 594 2214 doe
623 2171 828 2213 anteriores
859 2170 997 2211 eadem
1030 2169 1176 2213 ratione
1205 2166 1345 2209 seruant
1378 2179 1421 2208 ac
1455 2178 1596 2210 matres
1617 2168 1819 2210 infantulos
1837 2202 1847 2220 ,

1692 2245 1841 2287 pronci-
