1971 2700
527 134 618 184 376
875 125 960 173 DE
993 127 1198 173 BESTHS
1231 125 1501 174 MARJNJS.

527 246 614 288 laxe
645 246 804 300 corpori
838 246 1005 287 inhaeret
1027 277 1038 296 ,
1073 255 1188 287 moto
1218 245 1377 286 animali
1410 257 1457 287 ea
1490 244 1736 300 vndequaque
1759 261 1847 294 mo-

529 321 641 352 vetur
688 322 728 351 et
760 321 963 352 commota
993 320 1102 350 niter.

646 421 985 466 DESCRIPTIO
1021 425 1082 464 ΡΑ
1091 423 1294 491 ΚΤΙῪΙΜ-
1310 424 1722 468 INTERNARVM.

644 517 746 561 Cute
776 519 940 560 detracta
958 553 968 572 ‚
1002 533 1097 574 quae
1129 520 1263 562 luti-ina
1297 520 1475 580 crallion,
1527 522 1675 576 phocae
1729 529 1860 562 cutem

530 584 686 626 cmffitie
719 595 852 638 aequat
871 617 882 636 ‚
914 585 1119 638 apparebat
1153 585 1369 638 panniculus
1403 586 1569 627 carnosus
1604 598 1682 626 uon
1709 594 1860 626 tautum

534 662 648 703 caput
668 660 709 689 vt
728 650 766 688 in
801 649 960 689 homine
980 682 990 700 ‚
1023 649 1082 689 scd
1116 659 1243 690 totum
1276 662 1414 703 colpus
1446 650 1519 690 stre
1552 650 1754 704 aequaliter
1781 651 1862 690 cin-

533 726 626 768 gens
656 723 695 753 ct
726 714 804 754 cuti
838 712 1050 754 firmissime
1085 723 1127 753 vt
1161 715 1197 754 iu
1232 725 1321 754 cane
1354 714 1558 755 adhaerens
1577 713 1777 768 ,musculis
1794 725 1862 754 vc-

531 790 575 819 ro
608 778 719 818 valde
752 777 849 817 laxe.

649 841 809 883 Musculi
843 842 1124 895 pymmidalcs‚
1157 844 1219 897 qui
1252 844 1290 882 in
1326 842 1450 896 phoca
1471 843 1632 896 desum,
1673 843 1791 884 leone
1823 848 1863 883 et

533 905 620 946 vrso
655 907 806 946 marino
827 935 837 955 ,
873 905 931 946 hic
967 906 1160 946 manifeste
1203 918 1416 948 cernuntur.
1483 907 1701 949 omentum
1721 905 1865 962 duplex

534 969 763 1011 membrana
783 999 795 1018 ‚
832 978 870 1008 vt
902 969 940 1008 in
975 969 1054 1009 aliis
1082 971 1307 1011 animalibus
1338 971 1445 1011 valde
1478 974 1613 1013 tenuis.

651 1031 890 1073 Ventriculus
940 1032 1056 1087 figura
1106 1045 1266 1074 externa
1307 1044 1346 1074 ct
1389 1035 1533 1076 intcma
1582 1036 1710 1076 multis
1761 1033 1866 1088 plicis

536 1095 716 1149 rugosus,
747 1096 856 1135 instar
896 1097 1013 1147 ταῖς,
1066 1098 1157 1138 nihil
1199 1099 1362 1138 omniuo
1395 1111 1415 1138 a
1451 1098 1600 1152 phocae
1656 1095 1866 1138 ventriculo

534 1160 658 1201 diflert
681 1192 691 1212 ‚
727 1159 839 1198 veluti
871 1159 1081 1212 duplicatus
1112 1162 1165 1200 cst
1185 1193 1195 1210 ‚
1229 1162 1442 1215 glandulam
1463 1165 1635 1202 continet
1658 1193 1668 1212 ‚
1690 1173 1732 1202 vt
1765 1161 1866 1215 pho·

535 1235 601 1264 cae
622 1223 850 1262 ventriculus
868 1255 878 1274 ,
899 1225 1089 1276 pancrcati
1125 1225 1284 1264 similem
1307 1258 1317 1276 ‚
1353 1226 1389 1264 iu
1424 1227 1551 1265 catulis
1583 1226 1742 1278 coagulo
1762 1225 1867 1265 lastis

538 1287 687 1340 strnpcr
729 1285 907 1325 refertum
960 1287 1115 1337 inueni,
1154 1289 1192 1326 in
1228 1289 1500 1328 adultisautcm
1530 1289 1679 1343 semper
1698 1300 1865 1328 vacuum

537 1351 662 1404 reperi
682 1383 694 1401 ‚
728 1352 836 1389 luceo
868 1348 988 1389 saltim
1023 1350 1179 1403 copioso
1210 1350 1368 1403 gastrim
1388 1351 1564 1390 rcfcitum
1588 1384 1598 1401 ‚
1631 1365 1651 1390 c
1680 1365 1757 1403 qno
1773 1364 1866 1391 con-

538 1415 625 1456 clusi
658 1413 838 1454 animalia
871 1413 964 1456 haec
998 1412 1239 1455 solummodo
1274 1415 1319 1454 ad
1341 1415 1569 1467 capiendum
1591 1416 1765 1455 somnum
1787 1415 1866 1455 cxi-

538 1492 579 1522 re
613 1480 652 1519 in
672 1479 808 1520 siccum
841 1488 878 1518 et
918 1479 1217 1520 concoc‘tionem
1272 1479 1364 1519 cito·
1385 1478 1565 1532 perlicere
1586 1512 1597 1532 ,
1644 1480 1711 1519 vix
1761 1478 1864 1519 enim

540 1556 562 1585 a
583 1543 688 1598 pastu
726 1543 762 1582 in
795 1544 1057 1583 continentem
1108 1544 1269 1598 egressos
1309 1543 1460 1594 occidi,
1508 1555 1701 1598 nunquam
1737 1552 1866 1584 autem

539 1607 736 1664 quidpiam
771 1606 914 1647 offendi
935 1641 945 1658 ,
980 1607 1067 1647 licet
1100 1607 1271 1648 intestina
1306 1606 1532 1647 refertiffima
1568 1619 1683 1648 crant.

658 1670 840 1711 Pancrcas
873 1671 988 1712 vnico
1017 1671 1137 1712 trastu
1173 1684 1315 1725 magno
1349 1671 1409 1711 iub
1430 1672 1639 1711 ventriculo
1656 1670 1778 1710 xcrsus
1802 1670 1867 1711 lie·

544 1749 636 1777 nem
671 1735 899 1788 elongatur,
935 1747 977 1775 vt
1014 1737 1049 1774 iu
1086 1736 1238 1790 phoca,
1268 1735 1328 1776 sed
1362 1747 1442 1774 non
1477 1748 1598 1775 vnum
1639 1735 1866 1776 continuum

541 1800 692 1852 efficit,
726 1811 863 1839 verum
899 1801 935 1840 ln
970 1799 1118 1840 lobulos
1148 1801 1270 1840 variae
1323 1799 1589 1853 magnitudinis
1635 1798 1869 1840 discrimina-

546 1875 606 1904 tur
628 1898 638 1916 ,
671 1864 734 1918 qui
769 1876 908 1904 omncs
941 1876 1013 1903 vna
1047 1865 1223 1905 continua
1260 1865 1481 1904 membrana
1509 1863 1745 1904 includuntur
1767 1895 1777 1914 ,
1799 1875 1868 1904 co·

545 1929 623 1968 lore
658 1928 787 1967 album
824 1929 878 1968 cst
912 1939 949 1968 ct
983 1927 1139 1968 <iustum
1178 1928 1465 1979 Virfimgianum
1502 1927 1687 1966 continet.

660 1990 786 2029 Lienis
821 1992 936 2044 sigum
971 2002 1007 2030 ct
1042 1992 1151 2030 color
1200 1992 1414 2030 ordinarius.
1482 1989 1574 2030 Vasti
1609 1990 1769 2044 splenica
1802 2005 1867 2033 ca-

543 2055 634 2097 dem
657 2053 802 2107 prossus
834 2054 925 2094 facie
946 2087 956 2105 ,
989 2065 1030 2093 vt
1065 2055 1100 2092 in
1135 2054 1257 2107 phoca
1277 2085 1288 2102 ,
1329 2055 1365 2093 in
1386 2052 1575 2107 liipcrstcic
1595 2068 1758 2097 concaua
1781 2089 1791 2109 ,
1825 2066 1869 2098 vt

546 2120 584 2160 in
619 2117 778 2160 homine
812 2115 1012 2158 stetindum
1050 2117 1329 2172 longitudinem
1364 2129 1580 2159 excurrunt.

1761 2184 1862 2237 Epar
