1971 2700
532 171 627 223 364
867 162 948 208 DE
979 157 1203 210 ans
1235 158 1515 206 MARINIS.

530 290 664 338 genter
695 289 826 323 amant
843 312 855 333 ,
891 278 1028 321 somno
1060 277 1173 333 sopiti
1191 278 1342 334 prolem
1372 276 1545 318 vberibus
1562 274 1763 321 subiectam
1778 293 1865 324 mo·

539 345 576 388 le
609 342 667 386 sua
697 345 923 400 opprimunt
954 353 992 384 et
1027 352 1194 396 necant,
1226 354 1272 386 vt
1303 343 1411 398 fiiepe
1444 342 1556 393 vidi,
1589 353 1659 382 nec
1690 341 1754 383 vel
1785 353 1865 387 tan.

538 409 663 452 tillum
697 408 949 450 mouebantur
968 439 980 458 ‚
1013 419 1106 448 cum
1143 407 1253 448 toties
1301 408 1444 450 catulos
1474 407 1514 447 in
1546 405 1752 460 conspeetu
1803 420 1866 461 pa„

534 483 687 514 rentum
719 472 842 513 cultro
877 470 1086 525 iugularem
1119 481 1160 512 et
1190 471 1327 514 vistera
1365 471 1578 526 parentibus
1629 471 1839 512 obiicerem
1857 503 1871 526 ,

532 536 650 578 catuli
686 548 763 578 non
796 536 891 576 adeo
940 536 1090 577 viuaces
1121 545 1161 575 et
1189 535 1324 577 alacres
1354 535 1438 577 sunt
1457 568 1468 587 ,
1519 546 1561 576 vt
1594 535 1669 577 vrfi
1703 535 1872 588 marini,

536 599 595 642 sed
630 602 808 642 continue
840 599 1039 641 dormiunt
1057 632 1070 653 ‚
1103 599 1168 643 vel
1196 598 1354 655 segniter
1392 600 1514 642 ffiltim
1566 600 1695 641 ludunt
1726 611 1770 641 ae
1803 610 1872 640 ve-

535 665 634 707 neris
665 665 856 720 praeludia
886 674 1092 717 exercent,
1125 664 1223 706 cirea
1255 664 1450 721 vesperam
1468 660 1622 706 'matres
1663 676 1738 706 vna
1779 675 1872 705 cum

535 727 667 772 sobole
699 742 809 772 mare
843 739 980 784 petunt
1012 739 1054 770 et
1083 729 1184 771 circa
1215 729 1324 772 litora
1354 739 1485 771 natant
1532 728 1677 784 placide
1696 762 1708 782 ,
1758 726 1875 770 catuli

536 794 703 836 natando
735 793 930 848 defatigati
979 795 1095 848 tergis
1124 803 1298 834 matrum
1347 794 1500 836 insidere
1531 804 1570 835 et
1599 792 1783 848 quiescere
1816 791 1873 834 ib-

535 859 642 911 lent,
678 857 856 900 foemella
886 868 1016 898 autem
1048 867 1158 899 rotae
1187 856 1302 898 instar
1334 856 1585 906 sesevolutat
1605 892 1617 911 ,
1649 857 1779 912 segnes
1805 856 1874 898 de-

537 924 660 964 turbat
693 932 732 963 et
764 923 903 963 natatui
930 921 1115 963 asuefiieit.
1182 922 1513 977 Experimentum
1546 923 1616 964 seci
1649 922 1793 963 catulos
1815 932 1875 962 re-

534 999 626 1028 cens
657 996 767 1027 natos
797 998 918 1041 aeque
952 1000 996 1028 ac
1029 985 1204 1027 vrsorum
1240 987 1483 1028 marinorum
1535 988 1648 1029 vivos
1691 987 1730 1026 in
1767 997 1878 1027 mare

534 1051 718 1106 proieci,
773 1061 921 1092 tantum
963 1061 1094 1092 autem
1135 1050 1267 1103 abest,
1319 1061 1363 1092 vt
1395 1061 1523 1092 natare
1572 1051 1768 1104 potuerint
1810 1047 1880 1090 vel

537 1115 663 1169 pinnis
695 1113 822 1154 debite
855 1114 910 1154 vti
930 1147 943 1166 ,
976 1124 1023 1154 vt
1054 1113 1204 1154 confini:
1235 1115 1361 1157 fiiltim
1394 1115 1516 1156 vndas*
1543 1114 1783 1156 verberarent
1832 1123 1880 1154 ae

537 1178 583 1220 ad
617 1177 701 1218 litus
732 1186 979 1232 properarent
999 1208 1011 1218 .
1042 1176 1152 1218 catuli
1186 1177 1306 1233 duplo
1346 1178 1516 1219 maiores
1565 1177 1648 1218 sunt
1697 1177 1882 1219 vrsorumi

536 1240 682 1282 catulis.

551 1357 556 1361 ‚
654 1304 843 1361 Quamuis
874 1311 1005 1345 autem
1039 1304 1113 1344 hae
1146 1304 1283 1345 bestiae
1318 1304 1522 1346 hominem
1551 1305 1801 1347 vehementer
1818 1317 1878 1346 re-

537 1367 746 1410 formident
764 1401 776 1420 ,
844 1368 990 1410 aduerti
1023 1379 1155 1409 tamen
1188 1366 1353 1408 asuefieri
1387 1377 1428 1408 et
1462 1367 1710 1408 mansuescere
1745 1369 1877 1409 homi—

537 1447 632 1475 num
666 1433 798 1475 crebra
829 1443 867 1474 et
901 1434 1061 1475 innoxia
1092 1432 1408 1484 conuersatione,
1444 1432 1649 1486 praecipue
1696 1432 1795 1473 circa
1830 1429 1878 1473 il-

540 1499 603 1539 lud
639 1508 811 1552 tempus,
847 1511 937 1540 cum
969 1497 1081 1539 catuli
1132 1498 1307 1539 nondum
1356 1507 1537 1552 prompte
1570 1505 1700 1537 natare
1731 1495 1878 1538 didice-

538 1572 637 1604 runt.
706 1562 804 1602 Vixi
839 1575 913 1604 vna
949 1563 1034 1604 vice
1066 1562 1106 1602 in
1150 1561 1282 1603 medio
1322 1560 1472 1604 illarum
1519 1573 1664 1615 grege,
1715 1560 1878 1602 editiore

541 1625 662 1668 saltim
698 1626 790 1668 loco
822 1639 890 1681 per
925 1629 967 1666 6.
999 1627 1170 1679 integros
1206 1626 1318 1677 dies,
1348 1624 1475 1679 ibique
1517 1637 1539 1665 e
1590 1625 1743 1678 tugurio
1783 1632 1880 1666 meo

541 1692 672 1732 mores
705 1690 854 1732 illarum
894 1691 1039 1732 intente
1077 1689 1323 1732 obseruabam
1348 1720 1360 1742 ‚
1396 1689 1566 1730 iacebant
1585 1687 1879 1742 quaquauerfiim

540 1755 638 1796 circa
673 1768 740 1796 me
764 1788 775 1809 ,
811 1756 943 1809 ignem
976 1767 1018 1796 ac
1051 1766 1144 1808 quae
1174 1766 1330 1808 agerem
1371 1753 1758 1808 contemplabantur,
1809 1764 1881 1795 nee

542 1819 734 1873 fugiebant
768 1819 934 1874 amplius
953 1852 964 1872 ,
996 1819 1085 1860 licet
1118 1818 1262 1859 medius
1293 1819 1392 1858 inter
1426 1817 1510 1858 illos
1557 1817 1847 1859 obambularem
1867 1848 1879 1869 ,

543 1883 686 1925 catulos
720 1885 930 1938 arriperem
952 1916 963 1936 ,
1016 1895 1215 1924 enecarem
1248 1895 1292 1923 ac
1327 1881 1597 1933 describerem,
1631 1881 1683 1922 ita
1718 1892 1756 1922 ct
1787 1879 1880 1922 lusus

544 1958 724 1988 venereos
757 1958 1033 1999 exercuerunt,
1065 1949 1113 1988 de
1148 1948 1236 1987 loco
1270 1947 1390 1999 deque
1421 1945 1603 1986 vxoribus
1633 1945 1879 1987 aemulabunss

545 2009 585 2052 di
622 2012 717 2051 inter
750 2010 785 2050 se
818 2012 1125 2059 contendebant,
1161 2020 1201 2049 et
1234 2009 1415 2049 acerrime
1448 2010 1668 2062 pugnabant
1687 2043 1698 2062 ,
1739 2011 1874 2051 eadem

547 2072 692 2129 prorsus
723 2075 866 2114 ratione
885 2107 896 2126 ,
931 2075 1063 2115 iisdem
1099 2071 1257 2126 gestibus
1289 2073 1504 2127 eodemque
1539 2072 1705 2126 feruore,
1725 2084 1765 2114 vt
1806 2071 1876 2113 vrsi

549 2137 685 2181 marini
705 2170 717 2191 ,
748 2149 844 2180 vnus
864 2170 875 2190 ,
907 2138 968 2180 cui
1003 2136 1177 2179 socmclla
1211 2137 1389 2193 adempta
1422 2147 1502 2180 erat
1522 2168 1534 2191 ,
1584 2151 1670 2180 cum
1703 2136 1878 2180 omnibus

1811 2212 1876 2255 per
