1971 2700
484 237 577 278 ³24·
827 223 913 269 DE
944 221 1158 268 BEsms
1191 221 1455 268 MARINIS.

483 352 549 387 me
578 347 706 381 autem
740 349 927 381 autumno
947 373 958 391 ,
993 348 1034 380 vt
1066 350 1116 379 ex
1150 339 1308 392 paruulis
1341 349 1467 378 recens
1502 337 1592 376 natis
1625 337 1718 381 cirta
1753 341 1796 384 il-

480 404 543 445 lud
579 414 731 458 tempus
763 404 974 444 diuinabam
995 435 1006 453 ‚
1039 402 1126 443 hinc
1159 414 1280 454 veno,
1309 403 1409 456 quod
1443 402 1574 456 primo
1617 413 1706 441 vere
1733 416 1800 455 po-

486 467 668 509 tiffimum
702 479 880 520 generare
913 465 1101 506 obscruaui
1122 499 1133 518 ,
1167 466 1332 506 conclusi
1365 467 1459 506 x‘ltra
1494 478 1632 507 annum
1661 464 1803 508 foetum

484 533 523 572 in
556 542 666 570 vtero
697 529 838 583 gestare
858 562 869 581 ,
889 542 965 570 non
985 529 1106 583 plures
1125 541 1203 569 vno
1227 530 1348 570 vitulo
1375 543 1505 584 parcre
1525 562 1535 580 ,
1555 541 1602 569 ex
1621 540 1804 571 comuum

485 595 666 634 breuitate
702 603 740 633 et
770 594 858 634 bino
903 606 1159 634 mammarum
1204 606 1364 633 numero
1418 594 1605 634 concludo
1625 625 1636 645 ,
1688 605 1807 646 neque

487 669 676 712 praeterea
712 657 832 711 plures
867 669 949 697 vno
969 656 1091 697 vitulo
1124 670 1287 711 vnquam
1311 659 1403 698 circa
1423 670 1581 698 matrem
1601 655 1801 698 Obseruauit

604 721 751 762 Vorant
782 733 908 762 autem
943 720 1038 761 haec
1071 721 1300 762 voracissima
1333 723 1502 762 animalia
1534 721 1808 772 indesinenter,

488 798 532 826 ac
568 799 653 839 pme
686 787 803 825 nimia
835 785 1010 825 auiditate
1043 796 1155 838 caput
1189 785 1335 838 semper
1386 785 1449 826 sub
1483 788 1587 839 aquis
1637 785 1808 837 habent,

485 862 622 904 parum
655 848 807 890 sollicita
827 882 837 900 ,
869 849 918 889 de
952 849 1027 888 vita
1061 861 1104 889 ac
1146 847 1335 890 lecuritate
1355 881 1366 900 ,
1401 851 1452 890 ita
1489 861 1528 889 vt
1571 849 1710 900 cymba
1746 849 1809 890 vel

487 914 626 962 nudus,
663 914 809 953 medius
843 913 940 951 inter
974 911 1069 964 ipsos
1099 913 1257 963 verlari,
1292 926 1333 953 ac
1365 926 1624 966 quemcunque
1657 925 1680 953 e
1699 924 1809 966 grege

487 989 592 1016 vnco
624 976 732 1017 scrire
766 975 873 1027 velis,
907 978 1030 1014 secum
1063 975 1199 1028 eligere
1233 976 1359 1029 pollis,
1393 979 1518 1018 omnis
1543 977 1606 1017 sub
1636 977 1736 1031 pastu
1756 976 1807 1016 la-

487 1040 558 1081 bor
592 1041 655 1080 ille
689 1039 770 1090 est,
805 1049 847 1079 vt
881 1037 1010 1091 elapsis
1043 1052 1084 1088 4.
1121 1049 1184 1079 aut
1222 1051 1263 1087 5.
1301 1040 1456 1081 minutis
1487 1054 1590 1081 nares
1625 1054 1677 1081 ex
1712 1040 1811 1094 aquis

488 1104 692 1154 exserant,
725 1116 850 1142 aerem
885 1113 922 1142 et
958 1103 1163 1154 pauxillum
1199 1115 1314 1156 aquae
1354 1115 1443 1143 cum
1493 1104 1645 1156 strepitu
1695 1115 1812 1157 equo-

487 1180 574 1208 rum
607 1166 811 1219 ruspationi
846 1165 955 1204 simili
989 1164 1144 1204 efflent:
1178 1167 1273 1205 inter
1306 1166 1523 1218 pascendum
1543 1178 1670 1208 autem
1691 1180 1811 1208 vnum

488 1230 578 1285 post
609 1231 766 1270 alterum
819 1228 958 1282 pedem
996 1227 1096 1266 lente
1145 1229 1353 1267 :introrsum
1410 1241 1566 1268 mouent
1586 1262 1597 1281 ,
1647 1231 1813 1283 adeoque

490 1294 634 1347 partim
667 1293 814 1346 placide
848 1301 973 1331 natant
993 1322 1003 1341 ,
1038 1290 1176 1343 partim
1212 1291 1312 1345 quasi
1344 1291 1587 1344 gradiuntur,
1621 1303 1662 1332 vt
1696 1293 1810 1334 boues

488 1367 529 1397 et
547 1369 638 1398 oues
656 1357 747 1396 inter
775 1353 1011 1408 pascendum.
1049 1353 1222 1394 Dimidia
1250 1367 1333 1407 pars
1357 1356 1546 1407 corporis,
1573 1366 1697 1409 tergus
1721 1356 1812 1397 scili-

490 1429 553 1460 cet
571 1430 610 1460 et
629 1420 740 1459 latera
759 1420 930 1459 eminent
968 1416 1112 1470 semper
1138 1429 1189 1456 ex
1214 1419 1342 1471 aquis:
1380 1418 1473 1457 inter
1500 1417 1721 1470 pascendum
1750 1420 1814 1460 lari

492 1484 605 1524 dorso
642 1483 794 1523 inlidere
829 1482 978 1531 solent,
1021 1493 1063 1520 ac
1096 1481 1270 1534 pediculis
1296 1480 1447 1522 illorum
1488 1481 1579 1520 intra
1613 1481 1814 1523 cuticulam

492 1547 727 1588 haerentibus
746 1546 932 1596 recreari,
965 1545 1100 1584 eadem
1122 1545 1263 1584 ratione
1288 1557 1328 1585 ac
1355 1546 1522 1584 cornices
1549 1557 1748 1598 porcorum
1776 1557 1816 1587 et

492 1613 627 1651 ouium
648 1611 825 1664 pediculis
843 1609 966 1650 solent.
1020 1607 1223 1649 Dcuorant
1253 1619 1474 1648 autemnon
1504 1621 1639 1648 omnes
1667 1610 1814 1662 promi-

491 1674 574 1715 scue
594 1674 698 1715 fucos
718 1707 728 1725 ,
759 1673 815 1714 sed
841 1673 1034 1726 praecipue
1063 1670 1238 1725 Crispum
1259 1670 1437 1712 Brassicac
1455 1670 1678 1712 Sabaudicae
1698 1671 1812 1725 folio,

490 1739 736 1779 cancellatum
774 1736 832 1791 2.)
866 1736 991 1777 sucum
1015 1735 1139 1775 clauae
1160 1735 1250 1775 facie
1271 1765 1281 1784 ‚
1319 1749 1341 1785 3
1366 1733 1377 1787 )
1410 1735 1534 1775 fucum
1555 1734 1725 1776 Scuticae
1751 1749 1816 1778 an-

494 1803 620 1857 tiquae
640 1803 835 1844 Romanae
855 1800 946 1840 facie
979 1805 1040 1850 4.)
1074 1799 1197 1840 fiicum
1220 1799 1468 1852 longissimum
1490 1800 1613 1839 limbis
1656 1800 1702 1839 ad
1731 1812 1813 1841 ner-

493 1878 588 1906 vum
610 1866 798 1907 vndulatis
821 1882 827 1906 ;
862 1865 922 1904 vbi
944 1865 1003 1904 vel
1038 1875 1236 1916 perunum
1257 1863 1356 1903 diem
1377 1863 1550 1916 hospitati
1578 1862 1708 1902 fuerint
1726 1896 1736 1914 ,
1755 1866 1814 1904 in-

494 1941 624 1982 gentes
642 1931 804 1971 radicum
825 1939 862 1969 ct
883 1929 1043 1981 stipitum
1067 1929 1185 1967 acerui
1221 1940 1241 1966 a
1276 1927 1444 1966 fluetibus
1469 1939 1505 1965 in
1525 1926 1609 1964 litus
1626 1926 1811 1969 eliminati

494 2005 701 2033 cernuntur.
755 1993 954 2032 Ventribus
981 1992 1129 2043 repletis
1146 1991 1254 2042 aliqui
1275 1991 1373 2029 inter
1390 1989 1469 2028 illos
1485 1986 1599 2039 fiipini
1630 1989 1667 2028 in
1704 1990 1811 2032 dorlb

496 2057 711 2104 omnitunt,
732 2056 989 2096 retrocedente
1010 2054 1108 2093 aestu
1128 2065 1174 2092 ne
1195 2054 1230 2091 in
1251 2052 1345 2091 sicco
1363 2051 1628 2102 relinquantur,
1647 2063 1809 2094 retroce-

496 2119 587 2159 rdud
598 2132 616 2158 a
629 2119 748 2158 littore
770 2118 1021 2169 longinquius,
1041 2115 1179 2165 hyeme
1197 2127 1216 2154 a
1235 2114 1351 2166 glacie
1373 2115 1464 2153 circa
1478 2116 1718 2157 litusuatante
1737 2121 1806 2157 lae-

498 2195 546 2237 pe
565 2182 783 2224 luffocantur
802 2192 840 2222 et
860 2180 1001 2220 mortui
1021 2179 1059 2218 in
1078 2178 1164 2219 litus
1174 2178 1385 2230 eliciuntur,
1405 2179 1499 2232 quod
1517 2189 1554 2219 et
1574 2178 1638 2233 fit,
1656 2180 1681 2220 si
1701 2180 1806 2221 vndrs

1686 2244 1807 2298 impc-
