1971 2700
402 154 668 201 ECLIPSES
701 151 1112 200 LVMINARIVM.
1365 160 1451 207 461

155 274 285 319 Lunae
319 275 457 317 ibidem
492 284 532 315 et
563 274 697 315 eodem
718 275 841 316 modo
860 273 944 315 data
964 307 974 327 ,
1009 282 1049 314 et
1066 273 1216 314 restabit
1233 274 1328 315 linea
1347 288 1383 317 m
1401 277 1439 316 T
1456 309 1471 330 ‚

158 342 326 382 mensura
356 339 539 392 segmenti
571 338 728 378 Lunaris
761 339 799 378 in
833 338 942 378 initio
974 338 1241 378 obseruationis
1268 339 1464 379 obscurati.

158 403 308 447 Deinde
341 416 412 456 pro
444 404 541 444 linea
573 414 649 442 mn
681 404 720 442 in
750 402 881 442 iisdem
924 401 1088 455 partibus
1119 401 1339 443 inuenienda
1357 436 1368 456 ‚
1409 405 1463 443 in-

156 471 289 508 feratur
327 479 443 520 porro
462 499 473 518 ,
523 465 575 505 ob
625 465 809 518 triangula
859 466 982 510 PnR
1017 475 1054 506 et
1087 478 1113 504 a
1132 466 1194 506 nb
1235 467 1365 507 itidem
1401 479 1466 521 per

156 531 473 571 construetionem
505 529 638 569 similia
659 560 670 579 ‚
691 539 734 569 vt
767 529 843 570 Rb
875 529 909 569 se
940 528 1055 569 habet
1085 529 1129 570 ad
1164 544 1190 570 a
1208 530 1268 584 P3
1303 532 1352 571 ita
1388 533 1412 572 b
1441 543 1465 572 n

157 594 202 634 ad
236 606 298 635 an
319 625 330 644 ‚
364 593 573 633 distantiam
607 593 733 646 pund'ti
768 606 791 632 n
821 605 841 631 a
873 593 1012 647 capillo
1043 606 1124 643 xy
1156 594 1279 633 eidem
1333 597 1467 647 proxi·

158 670 228 698 mo
260 657 473 710 quaesitam.
540 655 782 697 Subtrahatur
814 655 912 697 linea
946 656 1039 696 haec
1071 671 1096 697 a
1115 669 1137 696 n
1171 658 1379 698 adistantia
1406 671 1469 699 ca-

157 721 333 774 pillorum
365 721 403 761 H
424 720 453 760 F
494 729 532 759 et
562 732 590 760 x
608 734 639 770 y
671 720 709 758 in
752 719 885 759 iisdem
934 720 1100 772 partibus
1133 718 1228 768 §3⁶0
1277 721 1362 761 data
1384 754 1395 773 ,
1429 730 1468 763 et

156 784 304 824 restabit
350 783 450 824 linea
484 796 590 832 mn,
646 782 819 823 mensura
868 781 1052 837 segmenti
1097 784 1261 834 ⁴vmbrae
1294 785 1333 824 in
1367 783 1468 826 disco

158 845 314 898 Lunae,
349 856 524 900 tempore
564 847 753 887 contaetus
803 858 986 886 comuum
1020 858 1107 886 cum
1159 846 1300 898 capillo
1332 848 1371 887 H
1407 848 1471 902 F,

156 910 357 963 conspicui.
435 911 606 951 Addatur
655 910 753 949 linea
805 908 896 949 haec
946 922 1020 950 mn
1061 911 1106 951 ad
1138 909 1279 950 lineam
1329 924 1365 951 m
1397 912 1436 952 T
1456 943 1469 964 ‚

156 973 388 1026 segmentum
422 973 568 1013 Lunare
602 973 705 1027 supra
737 974 955 1025 inuentum,
991 973 1136 1013 summa
1169 974 1272 1015 dabit
1320 977 1470 1028 quanti-

157 1045 276 1076 tatem
308 1038 484 1090 eclipseos
515 1039 554 1076 in
588 1038 698 1076 initio
728 1035 1016 1087 obseruationis‚
1059 1036 1118 1077 seu
1151 1045 1328 1091 tempore
1376 1052 1471 1080 con-

158 1098 279 1139 tactus
310 1111 495 1140 cornuum
530 1113 616 1140 cum
651 1099 795 1152 papillo
829 1100 867 1139 H
888 1100 917 1139 F
960 1099 1223 1153 compedium,
1266 1102 1473 1142 oscillatio-

157 1163 263 1202 nibus
295 1162 486 1214 horologii
520 1164 566 1202 ad
601 1173 755 1202 motum
788 1164 905 1202 centri
938 1162 1067 1201 Lunae
1100 1163 1222 1203 relatis
1238 1164 1469 1217 expressam.

158 1225 306 1266 Eadem
340 1234 466 1264 autem
507 1225 546 1263 in
580 1226 744 1278 partibus
793 1225 1030 1264 duodecimis
1060 1225 1143 1266 disci
1195 1224 1350 1267 Lunaris
1398 1242 1471 1270 nee

158 1300 236 1328 non
271 1287 461 1327 inclinatio
493 1288 659 1328 chordae
692 1287 895 1328 defeetiuae
929 1289 974 1328 ad
1008 1289 1184 1329 diurnum
1206 1289 1333 1330 Lunae
1354 1323 1364 1342 ‚
1391 1293 1471 1332 dia-

157 1359 351 1403 meterque
383 1351 543 1391 vmbrae
577 1351 779 1392 Terrestn‘s
811 1364 877 1403 per
909 1351 1014 1404 supra
1046 1351 1128 1391 data
1167 1354 1306 1393 eodem
1349 1356 1471 1396 modo

159 1415 398 1455 inuenientur
418 1448 429 1467 ,
458 1428 533 1467 quo
564 1417 713 1455 cazdem
748 1415 832 1463 §5¹⁰
876 1415 1054 1455 similibus
1086 1417 1181 1455 datis
1213 1416 1467 1461 definiuimus.

274 1477 308 1526 §.
335 1489 402 1527 15.
436 1477 589 1518 Eodem
612 1480 730 1518 modo
747 1478 873 1531 phases
900 1478 1051 1519 vlterius
1070 1479 1306 1520 obseruentur
1324 1513 1335 1532 ‚
1358 1492 1473 1535 quot-

158 1550 253 1595 quot
293 1541 470 1593 libuerit,
520 1543 719 1594 dirigendo
761 1541 823 1580 sc:
875 1542 1022 1594 semper
1071 1544 1248 1596 capillum
1301 1545 1339 1584 H
1360 1545 1390 1585 F
1423 1546 1472 1587 ad

156 1616 298 1645 cornua
329 1604 483 1657 phaseos
501 1636 511 1655 ‚
545 1605 784 1658 appulsusque
815 1604 1022 1645 limborum
1066 1607 1224 1646 vmbrae
1273 1607 1473 1650 Terrestris

156 1677 196 1707 et
227 1667 356 1707 Lunae
386 1669 431 1708 ad
464 1668 554 1708 duos
584 1669 738 1721 capillos
777 1669 883 1708 iuxta
923 1666 1042 1709 schol
1080 1675 1176 1707 1mum
1210 1668 1284 1719 §52i
1334 1674 1472 1726 eligen-

162 1731 231 1769 dos
263 1731 432 1770 notando
451 1763 460 1780 ‚
490 1732 611 1771 donec
646 1744 784 1771 cornua
816 1731 972 1783 phaleos
1002 1733 1040 1772 in
1074 1733 1182 1775 situm
1213 1736 1355 1776 diurnis
1394 1736 1469 1777 Lu·

159 1804 232 1832 nae
264 1793 325 1834 vel
361 1793 512 1832 vmbrae
543 1793 737 1834 Terrestris
768 1795 983 1846 parallelum
1004 1798 1264 1851 peruenerint‚
1302 1807 1470 1853 tempus-

156 1867 230 1909 que
271 1855 432 1896 transitus
462 1855 671 1896 alterutrius
717 1857 826 1897 limbi
842 1870 910 1910 per
927 1858 1138 1900 distantiam
1160 1863 1321 1903 duorum
1342 1864 1476 1916 proxi-

162 1931 312 1960 morum
346 1919 569 1972 capillorum
603 1920 689 1960 inde
722 1921 834 1960 nimis
863 1920 1021 1975 longum
1057 1932 1095 1963 et
1127 1925 1172 1964 ad
1199 1925 1473 1967 obseruationes

162 1981 330 2034 phafium
372 1982 500 2022 inutile
532 1983 845 2036 deprehendatur.
908 1985 954 2025 In
989 1998 1066 2039 quo
1097 1990 1177 2028 casu
1196 1989 1310 2030 miffis
1327 1989 1386 2029 his
1403 1991 1473 2030 ob-

162 2043 442 2096 seruationibus,
460 2046 673 2088 obsemetur
693 2049 863 2089 transitus
881 2049 1049 2089 maculae
1058 2049 1209 2091 Lunai-is
1229 2054 1473 2105 cuiuscunque

161 2120 229 2162 per
247 2109 454 2152 distantiam
481 2110 701 2165 capillorum
722 2112 983 2165 parallelorum
1003 2126 1024 2153 a
1042 2116 1076 2153 se
1109 2115 1273 2156 inuicem
1305 2116 1344 2155 in
1379 2117 1471 2156 tubo

727 2175 776 2217 M
809 2188 851 2216 m
884 2187 925 2216 m
957 2187 981 2225 3
1342 2191 1475 2220 remo-
