1971 2700
402 205 491 251 AD
524 198 714 248 ARCVS
746 196 918 246 CIRCV
918 195 1115 245 LARES.
1386 213 1435 252 τῇ

606 308 892 370 Scholion.
924 328 975 366 2.

281 427 350 465 19.
385 409 487 452 Cum
507 411 741 452 ostendiffem
768 408 970 452 formulam
1006 396 1357 461 {v(p—†—q)'non
1389 403 1444 444 so-

135 477 219 520 lum
263 476 531 529 longitudinem
574 488 706 515 curuae
748 474 787 513 A
805 472 852 515 M
895 470 1033 512 exad'te
1066 469 1279 522 exprimere
1299 500 1309 519 ,
1343 466 1369 507 fi
1401 479 1445 508 ea

142 543 248 583 filerit
279 538 431 579 circulus
449 571 459 590 ‚
494 538 553 578 sed
585 540 724 589 etiam,
758 537 784 578 fi
803 536 992 577 euolutam
1026 534 1160 574 habeat
1191 531 1443 582 circularem3

140 618 217 646 non
246 604 308 643 abs
337 615 377 642 re
414 602 483 642 erit
515 603 698 656 inquirere
718 633 729 652 ‚
778 610 906 640 vtrum
955 598 1052 638 haec
1104 596 1313 649 proprietas
1364 594 1442 635 nul-

142 669 184 709 lis
215 667 291 708 aliis
323 665 427 706 lineis
459 666 575 706 curuis
607 672 812 717 competat.
879 663 987 717 Quae
1019 659 1253 711 inuestigatio
1285 671 1334 698 eo
1365 670 1447 698 ma-

141 732 198 785 gis
228 729 293 769 erit
327 738 451 769 notatu
484 730 593 781 digna
613 761 623 780 ,
657 727 757 780 quod
790 725 872 778 post
904 722 1088 764 calculum
1127 721 1208 759 fatis
1251 722 1446 773 prolixum

143 794 287 834 tandem
304 793 346 833 ad
366 791 671 846 fimpliciffimam
706 790 924 830 solutionem
959 785 1158 840 perducat,
1193 794 1242 821 ex
1260 795 1336 835 quo
1352 783 1447 831 forte

143 869 220 897 non
253 869 384 909 parum
426 855 516 896 lucis
532 855 640 896 nobis
669 854 906 894 accendetur·
931 851 976 891 ad
1010 849 1095 889 alias
1113 845 1341 901 quaestiones
1358 845 1451 886 eius·

139 920 230 960 dem
260 919 402 972 generis
421 952 431 971 ,
477 931 568 973 quae
608 918 694 958 alias
733 915 976 958 difficillimae
1013 912 1132 952 videri
1172 920 1307 964 queant
1327 940 1339 960 ‚
1381 919 1451 948 ex·

139 984 266 1037 pedite
297 982 497 1023 soluendas.
566 982 680 1022 Vnde
710 979 859 1033 sequens
897 976 1093 1032 problema
1131 984 1210 1015 tam
1249 973 1301 1013 ob
1346 983 1449 1025 prae-

140 1047 282 1085 sentem
301 1046 408 1084 vsum
428 1077 439 1096 ,
473 1058 583 1098 quam
615 1044 666 1083 ob
697 1044 892 1097 propriam
924 1040 1151 1092 elegantiam
1184 1036 1218 1077 le
1248 1046 1447 1077 commen-

140 1109 229 1149 dare
259 1107 414 1147 videtur.

596 1162 903 1222 Problema.
948 1180 999 1219 2.

280 1273 349 1303 20.
384 1261 561 1304 Inuenire
594 1275 727 1304 omnes
758 1275 888 1304 curuas
922 1259 1023 1303 -AM
1063 1259 1173 1302 huius
1203 1259 1341 1303 indolis
1359 1292 1371 1313 ‚
1410 1267 1451 1300 vt
1462 1250 1512 1291 fig·
1535 1259 1568 1292 θ’

139 1325 259 1368 ductis
289 1327 335 1367 ad
352 1340 437 1368 eam
469 1327 698 1368 normalibus
728 1327 819 1369 AN
838 1360 848 1379 ‚
881 1326 982 1368 MN
1001 1338 1141 1378 ,curua
1172 1323 1267 1366 AM
1295 1323 1455 1378 aequalis

140 1390 185 1432 fit
216 1390 314 1430 arcui
345 1391 470 1432 circuli
513 1400 645 1432 centro
676 1390 719 1432 N
749 1391 858 1432 radio
887 1404 944 1431 z
966 1387 1325 1445 ;(AN-i-MN)
1359 1388 1455 1429 intra

140 1454 259 1495 teet-as
290 1454 382 1497 AN
414 1464 452 1495 et
484 1455 582 1497 MN
616 1453 813 1509 descripto.

681 1546 915 1604 Solutio.

279 1633 409 1675 Positis
449 1635 629 1675 nimirum
671 1634 763 1676 AN
783 1643 899 1690 tp,
941 1632 1041 1675 MN
1059 1645 1115 1673 Ξ·
1130 1642 1180 1687 q3
1237 1639 1277 1671 et
1315 1631 1455 1685 angulo

145 1697 362 1739 ANM:
378 1711 424 1750 v,
458 1711 614 1752 arcuque
663 1698 870 1740 AOM:
890 1711 932 1750 s,
965 1706 1187 1751 quaeruntur
1217 1708 1356 1736 omnes
1375 1708 1457 1735 cui·-

144 1772 217 1800 vae
252 1764 291 1800 in
323 1763 452 1814 quibus
483 1761 525 1802 fit
560 1775 640 1803 s:
662 1761 883 1818 ξηρή-4
897 1765 918 1808 ).
981 1762 1047 1801 Ad
1085 1772 1173 1813 quas
1218 1759 1457 1799 inueniendas

144 1834 195 1862 ex
213 1823 355 1875 punem
391 1825 457 1874 ipsi
488 1825 533 1863 M
555 1828 738 1875 proximo
769 1840 803 1865 m
822 1827 974 1865 dueatur
991 1823 1167 1863 normalis
1184 1836 1219 1863 m
1231 1835 1275 1873 n,
1293 1823 1329 1860 in
1347 1833 1453 1859 eam-

145 1898 218 1938 que
251 1897 300 1923 ex
332 1884 376 1924 N
406 1886 715 1937 perpendiculum
750 1888 790 1927 N
818 1900 840 1927 r
865 1889 1080 1926 demittatur
1100 1917 1110 1935 ,
1142 1887 1194 1924 ob
1228 1883 1329 1926 MN
1340 1895 1393 1922 z
1415 1895 1451 1923 m

143 1949 245 1990 rerit
275 1948 473 2000 nrqu
505 1958 542 1987 et
578 1948 718 1987 Nn:
736 1950 804 2002 dp.
865 1950 988 2003 Quare
1020 1961 1106 1988 cum
1144 1946 1188 1987 fit
1229 1947 1379 1999 angulus
1411 1947 1451 1986 A

145 2024 275 2052 nm:
293 2011 486 2061 -v—l-dv,
513 2012 582 2050 crit
616 2023 731 2050 nr:
748 2021 863 2064 aq:
881 2012 938 2064 dp
955 2011 1025 2050 cos
1044 2023 1072 2050 v
1093 2018 1131 2049 et
1161 2009 1364 2062 erdp
1384 2009 1449 2049 sin.

144 2087 188 2117 w.
251 2072 429 2115 vDucatur
464 2074 594 2114 deinde
629 2074 715 2130 Νμ
753 2075 820 2127 ipsi
850 2087 916 2114 mn
950 2073 1123 2126 parallela
1143 2106 1153 2124 ,
1185 2072 1254 2112 erit
1287 2086 1322 2113 m
1342 2087 1375 2127 μ
1395 2085 1452 2111 Ξ

148 2137 290 2181 Ννῖῑ.
312 2137 370 2192 dp
390 2137 439 2178 sin
458 2150 504 2179 1222
544 2148 582 2177 et
620 2138 671 2178 ob
710 2138 890 2190 angulum
929 2137 1141 2191 MNn:
1158 2137 1219 2178 dv
1262 2136 1456 2177 habebitur

709 2200 743 2242 B
778 2213 803 2238 2
1345 2198 1392 2239 M
1413 2212 1451 2254 μ
