1971 2700
503 238 590 278 322
811 226 893 271 DE
925 224 1141 274 BESTIIS
1169 224 1455 272 MARIMIS.

496 343 640 396 habui,
657 355 724 384 nec
743 344 780 384 in
799 343 1081 385 Kamtschatico
1097 345 1311 384 continente
1339 342 1416 396 spes
1446 340 1601 396 superest
1632 344 1805 385 omnium

498 408 767 462 potiundorum
789 439 799 459 ,
832 420 966 447 verum
1001 408 1128 447 astum
1164 408 1239 461 egi.

613 470 800 512 Deustam
831 479 957 510 autem
990 471 1177 524 quaerelas
1207 481 1246 510 et
1279 470 1554 524 impedimenta
1595 482 1740 510 uarmre
1771 481 1810 513 et

499 536 673 589 primum
708 545 866 574 moneo.
930 531 1078 574 Manati
1107 546 1186 574 non
1220 534 1289 574 effi:
1310 534 1449 574 bouem
1469 533 1699 585 Aristotelis,
1720 547 1811 575 cum

495 610 687 651 nunquam
720 596 870 638 manati
890 598 929 638 in
957 597 1057 638 ficco
1075 596 1240 651 pascatur
1256 607 1292 638 et
1325 610 1459 651 parum
1493 597 1657 638 interesse
1675 610 1721 638 an
1749 598 1812 649 fit,

495 674 584 702 cum
617 673 695 701 non
729 662 956 715 descripserit
979 693 991 712 ‚
1027 662 1111 702 imo
1146 662 1247 716 quod
1283 663 1405 702 verius
1426 693 1436 712 ,
1473 675 1538 702 uec
1572 662 1709 702 viderit
1743 673 1814 702 nee

495 725 607 766 faudo
624 726 824 780 quicquam
844 727 891 766 de
923 725 999 766 hoc
1018 725 1171 766 animali
1191 725 1382 766 audiuerit.
1416 723 1593 766 Secundo
1635 737 1812 778 moneo,

493 789 710 842 Lopezium
739 789 972 831 anciscum
1001 789 1218 830 Hem-andes
1251 799 1423 843 autoptas
1443 820 1453 840 ,
1486 801 1524 829 et
1543 802 1591 828 cx
1613 788 1681 829 illis
1706 786 1811 829 clar.

494 851 594 893 Clus.
628 863 666 893 et
697 854 840 896 Raium
874 853 1039 895 sedustos
1090 854 1209 894 multa
1243 853 1289 893 de
1322 852 1397 893 hoc
1438 853 1593 894 animali
1644 851 1779 893 offen-e
1801 885 1814 905 ,

494 929 587 971 quae
622 919 768 958 veritati
801 927 838 956 et
867 917 1057 970 autopssae
1088 918 1214 957 minus
1245 916 1501 958 consentanea.

615 993 650 1019 1.
688 979 800 1020 Caret
833 979 908 1020 hoc
941 981 1084 1020 animal
1117 979 1205 1033 pilis
1247 980 1286 1019 in
1319 981 1528 1022 vniueri'um
1549 1014 1559 1032 ,
1610 980 1713 1034 quod
1747 993 1815 1022 ve-

492 1057 538 1086 ro
558 1045 624 1098 pili
660 1044 787 1085 vocari
822 1042 992 1097 possent,
1025 1043 1118 1084 setae
1136 1043 1262 1096 potius
1294 1052 1355 1082 aut
1373 1043 1506 1084 calami
1535 1044 1683 1085 fistulofi
1702 1043 1781 1084 sunt
1802 1075 1817 1098 ‚

491 1109 588 1148 circa
617 1120 659 1147 os
690 1117 726 1147 et
748 1107 806 1147 sub
827 1107 980 1160 pedibus
1013 1106 1257 1148 solummodo
1289 1106 1404 1146 obuii.

616 1184 653 1210 2.
693 1167 820 1223 Caput
852 1169 958 1209 huius
1010 1170 1176 1210 animalis
1222 1182 1296 1209 non
1330 1169 1380 1209 est
1414 1170 1609 1212 vitulinum
1629 1204 1640 1224 ‚
1675 1181 1719 1212 vt
1751 1169 1815 1211 Cl.

496 1232 654 1285 Clusio,
695 1246 762 1274 nec
806 1232 988 1274 bouillum
1031 1244 1075 1272 vt
1119 1232 1315 1272 Hcrnand.
1364 1232 1531 1284 placuit,
1583 1234 1642 1274 sed
1692 1234 1816 1288 quoad

496 1298 768 1350 integumentis
800 1296 944 1337 testum
965 1330 975 1348 ,
1007 1296 1094 1337 nulli
1127 1295 1345 1336 animalium
1386 1295 1506 1336 simile
1525 1326 1535 1346 ,
1571 1309 1703 1337 verum
1737 1296 1818 1339 suae

497 1371 536 1400 et
569 1360 754 1413 singularis
785 1358 944 1400 formae.

617 1437 659 1474 3.
696 1423 814 1464 Pedes
847 1424 885 1463 iu
922 1423 1134 1463 vniuersum
1169 1423 1350 1476 vnguibus
1381 1422 1622 1464 destituuntur
1642 1454 1653 1474 ,
1678 1436 1816 1465 verum

497 1488 592 1529 cutis
624 1499 686 1528 eas
717 1487 868 1538 ambit,
901 1500 944 1527 ea
976 1485 1121 1541 prorsus
1154 1487 1315 1539 ratione,
1341 1498 1384 1528 ac
1419 1496 1657 1540 amputatum
1691 1499 1816 1528 mem·

499 1552 610 1593 brum
631 1582 642 1601 ‚
678 1553 727 1591 ita
762 1562 804 1591 vt
837 1550 940 1604 super
972 1562 1057 1591 cute
1091 1550 1237 1590 incedat
1269 1563 1318 1591 eo
1350 1550 1437 1590 loco
1469 1550 1547 1591 sctis
1578 1549 1690 1590 hirta.

616 1630 657 1665 4.
696 1617 829 1668 Aeque
864 1614 989 1655 falsum
1023 1614 1075 1654 est
1095 1645 1106 1663 ‚
1142 1613 1242 1667 quod
1294 1613 1510 1654 Hcmandes
1562 1626 1705 1667 vngues
1747 1613 1817 1655 hu-

500 1680 623 1721 manis
641 1679 774 1719 slmiles
794 1678 877 1718 huic
896 1678 1046 1718 animali
1068 1678 1222 1727 tribuat,
1254 1690 1331 1730 quo
1362 1677 1530 1718 Vaccam
1567 1677 1715 1718 homini
1734 1678 1818 1719 Pla-

501 1744 627 1783 tonico
660 1742 879 1782 similiorem
914 1743 1083 1782 redderet
1105 1756 1120 1791 >‚
1156 1753 1243 1780 cum
1279 1741 1401 1794 digitis
1435 1742 1473 1780 in
1509 1741 1719 1781 vniucriiim
1758 1754 1819 1782 tn-

500 1817 599 1856 reat,
617 1807 721 1846 simul
755 1819 796 1845 ac
832 1807 1009 1859 vnguibus
1029 1839 1038 1856 ,
1073 1805 1138 1845 nist
1158 1803 1253 1844 forte
1275 1803 1408 1857 vngula
1428 1805 1530 1858 equi,
1557 1805 1613 1844 cui
1633 1805 1816 1859 quodam-

501 1871 624 1910 modo
659 1870 814 1920 similis,
853 1871 981 1923 vnguis
1018 1869 1172 1909 humani
1208 1867 1320 1920 specie
1352 1867 1500 1908 cuidam
1535 1869 1722 1921 imponat.

625 1945 663 1981 5.
698 1933 752 1974 lta
788 1945 825 1973 et
862 1934 920 1974 vel
953 1946 1004 1973 ex
1039 1933 1111 1972 hoc
1147 1942 1248 1985 patet
1281 1942 1459 1985 quantum
1494 1931 1580 1970 huic
1613 1932 1730 1972 studio
1764 1942 1817 1974 te-

503 1997 697 2036 nebrarum
730 1997 898 2037 offmdzit
917 2030 926 2048 ‚
963 1998 989 2037 si
1023 1995 1103 2036 fi11131
1138 1995 1467 2048 praeiupponiimls
1486 2003 1522 2032 ct
1559 1992 1698 2035 salsiora
1724 2009 1817 2036 con-

502 2059 662 2099 clusione
694 2061 881 2109 elicium,
915 2070 955 2098 vt
990 2059 1136 2098 interim
1155 2058 1288 2109 aliquid
1321 2057 1498 2095 dicamus.
1542 2059 1656 2112 Quod
1684 2072 1820 2099 omncs

504 2123 671 2163 auctores
707 2124 932 2161 manimiter
965 2121 1154 2160 affirment
1181 2151 1191 2169 ,
1226 2119 1364 2159 animal
1396 2119 1470 2159 hoc
1516 2120 1647 2161 fluuios
1695 2121 1815 2163 asten-

509 2186 596 2228 dcte
614 2197 650 2226 ct
668 2198 855 2240 gramina,
889 2197 981 2241 quac
1013 2183 1215 2226 steundum
1247 2182 1346 2239 ripas
1378 2183 1653 2239 deprehendere
1684 2185 1815 2241 possit,

1751 2249 1813 2289 de·
