<?xml version="1.0" encoding="UTF-8"?>
<!DOCTYPE html PUBLIC "-//W3C//DTD XHTML 1.0 Transitional//EN"
    "http://www.w3.org/TR/xhtml1/DTD/xhtml1-transitional.dtd">
<html xmlns="http://www.w3.org/1999/xhtml" xml:lang="en" lang="en">
 <head>
  <title>
</title>
<meta http-equiv="Content-Type" content="text/html;charset=utf-8" />
  <meta name='ocr-system' content='tesseract 3.04.00' />
  <meta name='ocr-capabilities' content='ocr_page ocr_carea ocr_par ocr_line ocrx_word'/>
</head>
<body>
  <div class='ocr_page' id='page_1' title='image "./novicommentariac02impe_0357.png"; bbox 0 0 1971 2700; ppageno 0'>
   <div class='ocr_carea' id='block_1_1' title="bbox 500 215 1449 265">
    <p class='ocr_par' dir='ltr' id='par_1_1' title="bbox 500 215 1449 265">
     <span class='ocr_line' id='line_1_1' title="bbox 500 215 1449 265; baseline -0.006 -3"><span class='ocrx_word' id='word_1_1' title='bbox 500 220 578 262; x_wconf 91' lang='lat' dir='ltr'>DE</span> <span class='ocrx_word' id='word_1_2' title='bbox 611 215 820 261; x_wconf 86' lang='lat' dir='ltr'><strong><em>BESTIIS</em></strong></span> <span class='ocrx_word' id='word_1_3' title='bbox 851 215 905 259; x_wconf 92' lang='lat' dir='ltr'><em>M</em></span> <span class='ocrx_word' id='word_1_4' title='bbox 913 216 1114 260; x_wconf 83' lang='lat' dir='ltr'><strong><em>ARINIS-</em></strong></span> <span class='ocrx_word' id='word_1_5' title='bbox 1367 230 1389 265; x_wconf 82' lang='lat'>3</span> <span class='ocrx_word' id='word_1_6' title='bbox 1400 232 1419 256; x_wconf 88' lang='lat'>2</span> <span class='ocrx_word' id='word_1_7' title='bbox 1431 230 1449 257; x_wconf 90' lang='lat'>1</span> 
     </span>
    </p>
   </div>
   <div class='ocr_carea' id='block_1_2' title="bbox 157 327 1463 2269">
    <p class='ocr_par' dir='ltr' id='par_1_2' title="bbox 161 327 1459 569">
     <span class='ocr_line' id='line_1_2' title="bbox 162 327 1458 386; baseline -0.006 -10"><span class='ocrx_word' id='word_1_8' title='bbox 162 344 285 386; x_wconf 83' lang='lat' dir='ltr'>taret,</span> <span class='ocrx_word' id='word_1_9' title='bbox 318 332 453 373; x_wconf 87' lang='lat' dir='ltr'>exinde</span> <span class='ocrx_word' id='word_1_10' title='bbox 483 329 762 372; x_wconf 81' lang='lat' dir='ltr'>mechanismos</span> <span class='ocrx_word' id='word_1_11' title='bbox 795 341 837 368; x_wconf 83' lang='lat' dir='ltr'>ac</span> <span class='ocrx_word' id='word_1_12' title='bbox 869 337 1039 369; x_wconf 83' lang='lat' dir='ltr'>naturam</span> <span class='ocrx_word' id='word_1_13' title='bbox 1075 327 1242 369; x_wconf 81' lang='lat' dir='ltr'>animalis</span> <span class='ocrx_word' id='word_1_14' title='bbox 1291 328 1458 369; x_wconf 85' lang='lat' dir='ltr'>declara-</span> 
     </span>
     <span class='ocr_line' id='line_1_3' title="bbox 161 392 1456 449; baseline -0.006 -10"><span class='ocrx_word' id='word_1_15' title='bbox 161 412 240 439; x_wconf 83' lang='lat' dir='ltr'>rem</span> <span class='ocrx_word' id='word_1_16' title='bbox 262 431 272 449; x_wconf 75' lang='lat'>‚</span> <span class='ocrx_word' id='word_1_17' title='bbox 306 398 458 448; x_wconf 88' lang='lat' dir='ltr'>denique</span> <span class='ocrx_word' id='word_1_18' title='bbox 491 393 570 434; x_wconf 81' lang='lat' dir='ltr'>vsus</span> <span class='ocrx_word' id='word_1_19' title='bbox 602 395 761 446; x_wconf 81' lang='lat' dir='ltr'>partium</span> <span class='ocrx_word' id='word_1_20' title='bbox 796 393 835 431; x_wconf 88' lang='lat' dir='ltr'>in</span> <span class='ocrx_word' id='word_1_21' title='bbox 866 394 951 432; x_wconf 88' lang='lat' dir='ltr'>cibo</span> <span class='ocrx_word' id='word_1_22' title='bbox 970 426 980 445; x_wconf 83' lang='lat'>‚</span> <span class='ocrx_word' id='word_1_23' title='bbox 1015 393 1201 433; x_wconf 81' lang='lat' dir='ltr'>medicina</span> <span class='ocrx_word' id='word_1_24' title='bbox 1232 392 1383 445; x_wconf 85' lang='lat' dir='ltr'>aliisque</span> <span class='ocrx_word' id='word_1_25' title='bbox 1401 404 1456 431; x_wconf 81' lang='lat' dir='ltr'>rc-</span> 
     </span>
     <span class='ocr_line' id='line_1_4' title="bbox 165 455 1459 513; baseline -0.005 -12"><span class='ocrx_word' id='word_1_26' title='bbox 165 462 248 511; x_wconf 82' lang='lat' dir='ltr'>bus,</span> <span class='ocrx_word' id='word_1_27' title='bbox 283 459 473 513; x_wconf 89' lang='lat' dir='ltr'>postremo</span> <span class='ocrx_word' id='word_1_28' title='bbox 505 469 596 510; x_wconf 86' lang='lat' dir='ltr'>quae</span> <span class='ocrx_word' id='word_1_29' title='bbox 630 456 676 495; x_wconf 89' lang='lat' dir='ltr'>de</span> <span class='ocrx_word' id='word_1_30' title='bbox 710 465 845 508; x_wconf 80' lang='lat' dir='ltr'>motu,</span> <span class='ocrx_word' id='word_1_31' title='bbox 878 466 1002 496; x_wconf 79' lang='lat' dir='ltr'>natura</span> <span class='ocrx_word' id='word_1_32' title='bbox 1037 466 1074 496; x_wconf 92' lang='lat' dir='ltr'>et</span> <span class='ocrx_word' id='word_1_33' title='bbox 1106 456 1272 496; x_wconf 88' lang='lat' dir='ltr'>moribus</span> <span class='ocrx_word' id='word_1_34' title='bbox 1290 455 1366 510; x_wconf 86' lang='lat' dir='ltr'>ipse</span> <span class='ocrx_word' id='word_1_35' title='bbox 1399 455 1459 495; x_wconf 80' lang='lat' dir='ltr'>vi-</span> 
     </span>
     <span class='ocr_line' id='line_1_5' title="bbox 162 519 1183 569; baseline -0.005 -5"><span class='ocrx_word' id='word_1_36' title='bbox 162 534 272 564; x_wconf 65' lang='lat' dir='ltr'>vente</span> <span class='ocrx_word' id='word_1_37' title='bbox 303 521 452 561; x_wconf 83' lang='lat' dir='ltr'>animali</span> <span class='ocrx_word' id='word_1_38' title='bbox 484 519 712 559; x_wconf 65' lang='lat' dir='ltr'>obsera-aram</span> <span class='ocrx_word' id='word_1_39' title='bbox 734 551 744 569; x_wconf 86' lang='lat'>,</span> <span class='ocrx_word' id='word_1_40' title='bbox 778 519 962 560; x_wconf 77' lang='lat' dir='ltr'>veriffimc</span> <span class='ocrx_word' id='word_1_41' title='bbox 995 520 1183 560; x_wconf 84' lang='lat' dir='ltr'>adderem.</span> 
     </span>
    </p>

    <p class='ocr_par' dir='ltr' id='par_1_3' title="bbox 157 581 1463 1888">
     <span class='ocr_line' id='line_1_6' title="bbox 240 581 1456 637; baseline -0.003 -11"><span class='ocrx_word' id='word_1_42' title='bbox 240 588 245 591; x_wconf 72' lang='grc'><strong>“</strong></span> <span class='ocrx_word' id='word_1_43' title='bbox 275 585 339 626; x_wconf 91' lang='lat' dir='ltr'>Ne</span> <span class='ocrx_word' id='word_1_44' title='bbox 370 595 460 623; x_wconf 88' lang='lat' dir='ltr'>vero</span> <span class='ocrx_word' id='word_1_45' title='bbox 496 583 621 623; x_wconf 83' lang='lat' dir='ltr'>omnia</span> <span class='ocrx_word' id='word_1_46' title='bbox 655 595 706 621; x_wconf 87' lang='lat' dir='ltr'>ex</span> <span class='ocrx_word' id='word_1_47' title='bbox 739 591 835 622; x_wconf 90' lang='lat' dir='ltr'>voto</span> <span class='ocrx_word' id='word_1_48' title='bbox 865 583 1052 634; x_wconf 85' lang='lat' dir='ltr'>cederent,</span> <span class='ocrx_word' id='word_1_49' title='bbox 1085 585 1124 623; x_wconf 91' lang='lat' dir='ltr'>in</span> <span class='ocrx_word' id='word_1_50' title='bbox 1157 583 1263 637; x_wconf 83' lang='lat' dir='ltr'>culpa</span> <span class='ocrx_word' id='word_1_51' title='bbox 1281 581 1456 634; x_wconf 87' lang='lat' dir='ltr'>fuerunt,</span> 
     </span>
     <span class='ocr_line' id='line_1_7' title="bbox 163 646 1452 702; baseline -0.002 -14"><span class='ocrx_word' id='word_1_52' title='bbox 163 649 355 702; x_wconf 82' lang='lat' dir='ltr'>tempestas</span> <span class='ocrx_word' id='word_1_53' title='bbox 385 648 478 686; x_wconf 85' lang='lat' dir='ltr'>circa</span> <span class='ocrx_word' id='word_1_54' title='bbox 510 647 598 687; x_wconf 83' lang='lat' dir='ltr'>illud</span> <span class='ocrx_word' id='word_1_55' title='bbox 633 656 782 699; x_wconf 86' lang='lat' dir='ltr'>tempus</span> <span class='ocrx_word' id='word_1_56' title='bbox 802 678 811 696; x_wconf 85' lang='lat'>,</span> <span class='ocrx_word' id='word_1_57' title='bbox 845 658 931 685; x_wconf 90' lang='lat' dir='ltr'>cum</span> <span class='ocrx_word' id='word_1_58' title='bbox 984 656 1199 699; x_wconf 77' lang='lat' dir='ltr'>caperentur</span> <span class='ocrx_word' id='word_1_59' title='bbox 1220 679 1229 697; x_wconf 86' lang='lat'>,</span> <span class='ocrx_word' id='word_1_60' title='bbox 1261 646 1332 686; x_wconf 66' lang='lat' dir='ltr'>fere</span> <span class='ocrx_word' id='word_1_61' title='bbox 1365 658 1452 686; x_wconf 92' lang='lat' dir='ltr'>con-</span> 
     </span>
     <span class='ocr_line' id='line_1_8' title="bbox 163 708 1454 764; baseline -0.002 -14"><span class='ocrx_word' id='word_1_62' title='bbox 163 712 294 751; x_wconf 83' lang='lat' dir='ltr'>stanter</span> <span class='ocrx_word' id='word_1_63' title='bbox 325 709 484 764; x_wconf 73' lang='lat' dir='ltr'>pluuiofil</span> <span class='ocrx_word' id='word_1_64' title='bbox 503 743 513 761; x_wconf 85' lang='lat'>,</span> <span class='ocrx_word' id='word_1_65' title='bbox 545 710 672 762; x_wconf 76' lang='lat' dir='ltr'>frigida</span> <span class='ocrx_word' id='word_1_66' title='bbox 697 740 708 759; x_wconf 86' lang='lat'>,</span> <span class='ocrx_word' id='word_1_67' title='bbox 741 708 1013 748; x_wconf 82' lang='lat' dir='ltr'>obseruationes</span> <span class='ocrx_word' id='word_1_68' title='bbox 1046 709 1166 749; x_wconf 86' lang='lat' dir='ltr'>subdiu</span> <span class='ocrx_word' id='word_1_69' title='bbox 1185 709 1422 749; x_wconf 84' lang='lat' dir='ltr'>instituendae</span> <span class='ocrx_word' id='word_1_70' title='bbox 1442 739 1454 760; x_wconf 90' lang='lat'>,</span> 
     </span>
     <span class='ocr_line' id='line_1_9' title="bbox 162 771 1454 826; baseline -0.004 -12"><span class='ocrx_word' id='word_1_71' title='bbox 162 775 274 815; x_wconf 82' lang='lat' dir='ltr'>aestus</span> <span class='ocrx_word' id='word_1_72' title='bbox 305 774 412 815; x_wconf 85' lang='lat' dir='ltr'>maris</span> <span class='ocrx_word' id='word_1_73' title='bbox 431 807 441 825; x_wconf 83' lang='lat'>,</span> <span class='ocrx_word' id='word_1_74' title='bbox 475 785 601 826; x_wconf 86' lang='lat' dir='ltr'>greges</span> <span class='ocrx_word' id='word_1_75' title='bbox 631 771 928 825; x_wconf 71' lang='lat' dir='ltr'>nequitiimarum</span> <span class='ocrx_word' id='word_1_76' title='bbox 964 771 1139 810; x_wconf 64' lang='lat' dir='ltr'>Ifittidum</span> <span class='ocrx_word' id='word_1_77' title='bbox 1172 772 1350 823; x_wconf 89' lang='lat' dir='ltr'>improbo</span> <span class='ocrx_word' id='word_1_78' title='bbox 1367 771 1454 810; x_wconf 87' lang='lat' dir='ltr'>den-</span> 
     </span>
     <span class='ocr_line' id='line_1_10' title="bbox 162 833 1458 887; baseline -0.005 -10"><span class='ocrx_word' id='word_1_79' title='bbox 162 847 199 876; x_wconf 83' lang='lat' dir='ltr'>te</span> <span class='ocrx_word' id='word_1_80' title='bbox 233 839 358 877; x_wconf 81' lang='lat' dir='ltr'>omnia</span> <span class='ocrx_word' id='word_1_81' title='bbox 389 836 594 876; x_wconf 73' lang='lat' dir='ltr'>lacessantes</span> <span class='ocrx_word' id='word_1_82' title='bbox 633 846 669 875; x_wconf 85' lang='lat' dir='ltr'>et</span> <span class='ocrx_word' id='word_1_83' title='bbox 701 836 759 874; x_wconf 78' lang='lat' dir='ltr'>[ub</span> <span class='ocrx_word' id='word_1_84' title='bbox 793 834 962 874; x_wconf 82' lang='lat' dir='ltr'>manibus</span> <span class='ocrx_word' id='word_1_85' title='bbox 1001 833 1263 885; x_wconf 84' lang='lat' dir='ltr'>subducentes,</span> <span class='ocrx_word' id='word_1_86' title='bbox 1316 834 1458 887; x_wconf 89' lang='lat' dir='ltr'>quippe</span> 
     </span>
     <span class='ocr_line' id='line_1_11' title="bbox 161 897 1459 948; baseline -0.004 -8"><span class='ocrx_word' id='word_1_87' title='bbox 161 900 318 941; x_wconf 84' lang='lat' dir='ltr'>lustranti</span> <span class='ocrx_word' id='word_1_88' title='bbox 347 900 487 940; x_wconf 78' lang='lat' dir='ltr'>animal</span> <span class='ocrx_word' id='word_1_89' title='bbox 519 899 661 939; x_wconf 81' lang='lat' dir='ltr'>chartas</span> <span class='ocrx_word' id='word_1_90' title='bbox 679 930 689 948; x_wconf 85' lang='lat'>‚</span> <span class='ocrx_word' id='word_1_91' title='bbox 722 898 853 948; x_wconf 81' lang='lat' dir='ltr'>libros,</span> <span class='ocrx_word' id='word_1_92' title='bbox 884 898 1184 937; x_wconf 75' lang='lat' dir='ltr'>atramentarium</span> <span class='ocrx_word' id='word_1_93' title='bbox 1213 897 1459 947; x_wconf 83' lang='lat' dir='ltr'>abstulerant,</span> 
     </span>
     <span class='ocr_line' id='line_1_12' title="bbox 159 960 1458 1012; baseline -0.003 -10"><span class='ocrx_word' id='word_1_94' title='bbox 159 963 328 1003; x_wconf 88' lang='lat' dir='ltr'>scribenti</span> <span class='ocrx_word' id='word_1_95' title='bbox 361 963 500 1003; x_wconf 78' lang='lat' dir='ltr'>animal</span> <span class='ocrx_word' id='word_1_96' title='bbox 534 963 769 1009; x_wconf 60' lang='lat' dir='ltr'>incestarum,</span> <span class='ocrx_word' id='word_1_97' title='bbox 803 960 910 1011; x_wconf 70' lang='lat' dir='ltr'>ipsius</span> <span class='ocrx_word' id='word_1_98' title='bbox 941 961 1108 1000; x_wconf 83' lang='lat' dir='ltr'>animalis</span> <span class='ocrx_word' id='word_1_99' title='bbox 1141 962 1289 1001; x_wconf 73' lang='lat' dir='ltr'>vastitas</span> <span class='ocrx_word' id='word_1_100' title='bbox 1317 970 1354 999; x_wconf 91' lang='lat' dir='ltr'>et</span> <span class='ocrx_word' id='word_1_101' title='bbox 1376 972 1458 1012; x_wconf 84' lang='lat' dir='ltr'>par-</span> 
     </span>
     <span class='ocr_line' id='line_1_13' title="bbox 162 1023 1459 1075; baseline -0.003 -10"><span class='ocrx_word' id='word_1_102' title='bbox 162 1027 256 1065; x_wconf 85' lang='lat' dir='ltr'>tium</span> <span class='ocrx_word' id='word_1_103' title='bbox 293 1027 432 1075; x_wconf 80' lang='lat' dir='ltr'>moles,</span> <span class='ocrx_word' id='word_1_104' title='bbox 470 1026 532 1065; x_wconf 85' lang='lat' dir='ltr'>vbi</span> <span class='ocrx_word' id='word_1_105' title='bbox 569 1026 658 1064; x_wconf 73' lang='lat' dir='ltr'>solus</span> <span class='ocrx_word' id='word_1_106' title='bbox 690 1024 896 1062; x_wconf 76' lang='lat' dir='ltr'>obseruator</span> <span class='ocrx_word' id='word_1_107' title='bbox 928 1033 964 1061; x_wconf 90' lang='lat' dir='ltr'>et</span> <span class='ocrx_word' id='word_1_108' title='bbox 998 1023 1184 1075; x_wconf 78' lang='lat' dir='ltr'>operarius</span> <span class='ocrx_word' id='word_1_109' title='bbox 1215 1023 1285 1063; x_wconf 82' lang='lat' dir='ltr'>effe</span> <span class='ocrx_word' id='word_1_110' title='bbox 1316 1023 1459 1074; x_wconf 89' lang='lat' dir='ltr'>debui,</span> 
     </span>
     <span class='ocr_line' id='line_1_14' title="bbox 160 1085 1463 1140; baseline -0.003 -13"><span class='ocrx_word' id='word_1_111' title='bbox 160 1090 291 1140; x_wconf 79' lang='lat' dir='ltr'>reliqui</span> <span class='ocrx_word' id='word_1_112' title='bbox 326 1100 458 1127; x_wconf 77' lang='lat' dir='ltr'>omnes</span> <span class='ocrx_word' id='word_1_113' title='bbox 493 1090 538 1126; x_wconf 88' lang='lat' dir='ltr'>de</span> <span class='ocrx_word' id='word_1_114' title='bbox 574 1088 735 1127; x_wconf 84' lang='lat' dir='ltr'>struenda</span> <span class='ocrx_word' id='word_1_115' title='bbox 768 1087 849 1125; x_wconf 79' lang='lat' dir='ltr'>naui</span> <span class='ocrx_word' id='word_1_116' title='bbox 885 1095 921 1124; x_wconf 90' lang='lat' dir='ltr'>et</span> <span class='ocrx_word' id='word_1_117' title='bbox 975 1085 1190 1124; x_wconf 81' lang='lat' dir='ltr'>liberatione</span> <span class='ocrx_word' id='word_1_118' title='bbox 1239 1085 1360 1124; x_wconf 86' lang='lat' dir='ltr'>nostra</span> <span class='ocrx_word' id='word_1_119' title='bbox 1396 1085 1463 1123; x_wconf 82' lang='lat' dir='ltr'>ab·</span> 
     </span>
     <span class='ocr_line' id='line_1_15' title="bbox 160 1145 1460 1200; baseline -0.001 -10"><span class='ocrx_word' id='word_1_120' title='bbox 160 1151 249 1190; x_wconf 92' lang='lat' dir='ltr'>hinc</span> <span class='ocrx_word' id='word_1_121' title='bbox 282 1151 409 1190; x_wconf 85' lang='lat' dir='ltr'>soliciti</span> <span class='ocrx_word' id='word_1_122' title='bbox 442 1160 575 1198; x_wconf 79' lang='lat' dir='ltr'>erant,</span> <span class='ocrx_word' id='word_1_123' title='bbox 609 1151 669 1200; x_wconf 91' lang='lat' dir='ltr'>qui</span> <span class='ocrx_word' id='word_1_124' title='bbox 700 1150 795 1185; x_wconf 83' lang='lat' dir='ltr'>circa</span> <span class='ocrx_word' id='word_1_125' title='bbox 834 1147 1029 1198; x_wconf 76' lang='lat' dir='ltr'>vesperam</span> <span class='ocrx_word' id='word_1_126' title='bbox 1064 1147 1156 1185; x_wconf 83' lang='lat' dir='ltr'>meis</span> <span class='ocrx_word' id='word_1_127' title='bbox 1178 1145 1381 1200; x_wconf 86' lang='lat' dir='ltr'>sumptibus</span> <span class='ocrx_word' id='word_1_128' title='bbox 1412 1147 1460 1189; x_wconf 82' lang='lat' dir='ltr'>ad</span> 
     </span>
     <span class='ocr_line' id='line_1_16' title="bbox 160 1209 1458 1262; baseline -0.002 -10"><span class='ocrx_word' id='word_1_129' title='bbox 160 1224 276 1252; x_wconf 79' lang='lat' dir='ltr'>vnam</span> <span class='ocrx_word' id='word_1_130' title='bbox 312 1211 444 1250; x_wconf 82' lang='lat' dir='ltr'>horam</span> <span class='ocrx_word' id='word_1_131' title='bbox 494 1209 796 1248; x_wconf 79' lang='lat' dir='ltr'>conducebantur</span> <span class='ocrx_word' id='word_1_132' title='bbox 845 1209 889 1248; x_wconf 80' lang='lat' dir='ltr'>ad</span> <span class='ocrx_word' id='word_1_133' title='bbox 922 1209 1028 1249; x_wconf 87' lang='lat' dir='ltr'>rudes</span> <span class='ocrx_word' id='word_1_134' title='bbox 1059 1210 1239 1262; x_wconf 84' lang='lat' dir='ltr'>quosdam</span> <span class='ocrx_word' id='word_1_135' title='bbox 1279 1210 1425 1250; x_wconf 87' lang='lat' dir='ltr'>labores</span> <span class='ocrx_word' id='word_1_136' title='bbox 1446 1241 1458 1261; x_wconf 93' lang='lat'>,</span> 
     </span>
     <span class='ocr_line' id='line_1_17' title="bbox 159 1271 1463 1327; baseline -0.001 -13"><span class='ocrx_word' id='word_1_137' title='bbox 159 1274 259 1314; x_wconf 90' lang='lat' dir='ltr'>inscii</span> <span class='ocrx_word' id='word_1_138' title='bbox 291 1281 329 1311; x_wconf 92' lang='lat' dir='ltr'>et</span> <span class='ocrx_word' id='word_1_139' title='bbox 361 1272 514 1324; x_wconf 76' lang='lat' dir='ltr'>pertaesi</span> <span class='ocrx_word' id='word_1_140' title='bbox 547 1273 677 1311; x_wconf 82' lang='lat' dir='ltr'>omnia</span> <span class='ocrx_word' id='word_1_141' title='bbox 709 1271 990 1324; x_wconf 72' lang='lat' dir='ltr'>discindebant,</span> <span class='ocrx_word' id='word_1_142' title='bbox 1022 1285 1065 1312; x_wconf 82' lang='lat' dir='ltr'>ac</span> <span class='ocrx_word' id='word_1_143' title='bbox 1103 1285 1174 1326; x_wconf 88' lang='lat' dir='ltr'>pro</span> <span class='ocrx_word' id='word_1_144' title='bbox 1213 1272 1275 1313; x_wconf 89' lang='lat' dir='ltr'>suo</span> <span class='ocrx_word' id='word_1_145' title='bbox 1305 1274 1463 1327; x_wconf 88' lang='lat' dir='ltr'>ingenio</span> 
     </span>
     <span class='ocr_line' id='line_1_18' title="bbox 157 1335 1462 1388; baseline 0.001 -13"><span class='ocrx_word' id='word_1_146' title='bbox 157 1344 338 1388; x_wconf 77' lang='lat' dir='ltr'>egerant,</span> <span class='ocrx_word' id='word_1_147' title='bbox 390 1347 594 1388; x_wconf 83' lang='lat' dir='ltr'>eorumque</span> <span class='ocrx_word' id='word_1_148' title='bbox 644 1335 742 1374; x_wconf 81' lang='lat' dir='ltr'>labes</span> <span class='ocrx_word' id='word_1_149' title='bbox 795 1344 831 1374; x_wconf 91' lang='lat' dir='ltr'>et</span> <span class='ocrx_word' id='word_1_150' title='bbox 871 1335 1052 1376; x_wconf 82' lang='lat' dir='ltr'>damnum</span> <span class='ocrx_word' id='word_1_151' title='bbox 1104 1335 1269 1376; x_wconf 87' lang='lat' dir='ltr'>hucdum</span> <span class='ocrx_word' id='word_1_152' title='bbox 1314 1350 1360 1377; x_wconf 89' lang='lat' dir='ltr'>ne</span> <span class='ocrx_word' id='word_1_153' title='bbox 1396 1350 1462 1377; x_wconf 85' lang='lat' dir='ltr'>me</span> 
     </span>
     <span class='ocr_line' id='line_1_19' title="bbox 158 1397 1459 1451; baseline 0 -13"><span class='ocrx_word' id='word_1_154' title='bbox 158 1398 300 1451; x_wconf 83' lang='lat' dir='ltr'>prorsus</span> <span class='ocrx_word' id='word_1_155' title='bbox 332 1397 563 1438; x_wconf 84' lang='lat' dir='ltr'>destituerent</span> <span class='ocrx_word' id='word_1_156' title='bbox 594 1398 729 1438; x_wconf 79' lang='lat' dir='ltr'>laudari</span> <span class='ocrx_word' id='word_1_157' title='bbox 761 1398 974 1437; x_wconf 81' lang='lat' dir='ltr'>debuerunt.</span> <span class='ocrx_word' id='word_1_158' title='bbox 1044 1399 1201 1440; x_wconf 87' lang='lat' dir='ltr'>Nullum</span> <span class='ocrx_word' id='word_1_159' title='bbox 1244 1399 1358 1440; x_wconf 84' lang='lat' dir='ltr'>viscus</span> <span class='ocrx_word' id='word_1_160' title='bbox 1401 1401 1459 1439; x_wconf 88' lang='lat' dir='ltr'>in-</span> 
     </span>
     <span class='ocr_line' id='line_1_20' title="bbox 161 1461 1460 1514; baseline 0.002 -14"><span class='ocrx_word' id='word_1_161' title='bbox 161 1471 305 1513; x_wconf 86' lang='lat' dir='ltr'>tegrum</span> <span class='ocrx_word' id='word_1_162' title='bbox 338 1461 504 1501; x_wconf 85' lang='lat' dir='ltr'>eximere</span> <span class='ocrx_word' id='word_1_163' title='bbox 535 1473 604 1500; x_wconf 92' lang='lat' dir='ltr'>nec</span> <span class='ocrx_word' id='word_1_164' title='bbox 636 1470 858 1513; x_wconf 86' lang='lat' dir='ltr'>exemptum</span> <span class='ocrx_word' id='word_1_165' title='bbox 892 1462 1081 1514; x_wconf 81' lang='lat' dir='ltr'>explicare</span> <span class='ocrx_word' id='word_1_166' title='bbox 1114 1462 1218 1514; x_wconf 89' lang='lat' dir='ltr'>potui</span> <span class='ocrx_word' id='word_1_167' title='bbox 1237 1495 1247 1513; x_wconf 84' lang='lat'>,</span> <span class='ocrx_word' id='word_1_168' title='bbox 1280 1472 1323 1503; x_wconf 85' lang='lat' dir='ltr'>vt</span> <span class='ocrx_word' id='word_1_169' title='bbox 1356 1462 1460 1503; x_wconf 76' lang='lat' dir='ltr'>solidi</span> 
     </span>
     <span class='ocr_line' id='line_1_21' title="bbox 161 1525 1462 1578; baseline 0.002 -16"><span class='ocrx_word' id='word_1_170' title='bbox 161 1525 246 1577; x_wconf 88' lang='lat' dir='ltr'>quid</span> <span class='ocrx_word' id='word_1_171' title='bbox 279 1536 427 1576; x_wconf 80' lang='lat' dir='ltr'>agerem</span> <span class='ocrx_word' id='word_1_172' title='bbox 447 1558 459 1576; x_wconf 76' lang='lat'>,</span> <span class='ocrx_word' id='word_1_173' title='bbox 493 1525 544 1565; x_wconf 84' lang='lat' dir='ltr'>ita</span> <span class='ocrx_word' id='word_1_174' title='bbox 577 1534 621 1564; x_wconf 81' lang='lat' dir='ltr'>vt</span> <span class='ocrx_word' id='word_1_175' title='bbox 654 1534 833 1577; x_wconf 86' lang='lat' dir='ltr'>quantum</span> <span class='ocrx_word' id='word_1_176' title='bbox 867 1525 990 1576; x_wconf 83' lang='lat' dir='ltr'>gandii</span> <span class='ocrx_word' id='word_1_177' title='bbox 1023 1538 1044 1564; x_wconf 91' lang='lat' dir='ltr'>e</span> <span class='ocrx_word' id='word_1_178' title='bbox 1079 1525 1295 1578; x_wconf 85' lang='lat' dir='ltr'>quibusdam</span> <span class='ocrx_word' id='word_1_179' title='bbox 1336 1525 1462 1565; x_wconf 85' lang='lat' dir='ltr'>obser-</span> 
     </span>
     <span class='ocr_line' id='line_1_22' title="bbox 161 1587 1461 1642; baseline 0.003 -18"><span class='ocrx_word' id='word_1_180' title='bbox 161 1587 286 1637; x_wconf 79' lang='lat' dir='ltr'>vatis,</span> <span class='ocrx_word' id='word_1_181' title='bbox 315 1587 470 1641; x_wconf 87' lang='lat' dir='ltr'>decuplo</span> <span class='ocrx_word' id='word_1_182' title='bbox 503 1588 583 1641; x_wconf 81' lang='lat' dir='ltr'>plus</span> <span class='ocrx_word' id='word_1_183' title='bbox 615 1587 778 1627; x_wconf 82' lang='lat' dir='ltr'>tristitiae</span> <span class='ocrx_word' id='word_1_184' title='bbox 817 1599 859 1626; x_wconf 86' lang='lat' dir='ltr'>ac</span> <span class='ocrx_word' id='word_1_185' title='bbox 894 1588 990 1627; x_wconf 91' lang='lat' dir='ltr'>tedii</span> <span class='ocrx_word' id='word_1_186' title='bbox 1022 1600 1070 1627; x_wconf 90' lang='lat' dir='ltr'>ex</span> <span class='ocrx_word' id='word_1_187' title='bbox 1105 1588 1148 1627; x_wconf 86' lang='lat' dir='ltr'>iis</span> <span class='ocrx_word' id='word_1_188' title='bbox 1187 1590 1427 1642; x_wconf 88' lang='lat' dir='ltr'>conciperem</span> <span class='ocrx_word' id='word_1_189' title='bbox 1449 1620 1461 1638; x_wconf 89' lang='lat'>,</span> 
     </span>
     <span class='ocr_line' id='line_1_23' title="bbox 162 1650 1462 1703; baseline 0.003 -16"><span class='ocrx_word' id='word_1_190' title='bbox 162 1661 254 1702; x_wconf 80' lang='lat' dir='ltr'>quae</span> <span class='ocrx_word' id='word_1_191' title='bbox 286 1650 388 1688; x_wconf 80' lang='lat' dir='ltr'>vtilia</span> <span class='ocrx_word' id='word_1_192' title='bbox 438 1651 574 1690; x_wconf 66' lang='lat' dir='ltr'>intacta</span> <span class='ocrx_word' id='word_1_193' title='bbox 617 1650 812 1703; x_wconf 87' lang='lat' dir='ltr'>praeterire</span> <span class='ocrx_word' id='word_1_194' title='bbox 853 1651 989 1701; x_wconf 86' lang='lat' dir='ltr'>debui,</span> <span class='ocrx_word' id='word_1_195' title='bbox 1049 1651 1213 1703; x_wconf 78' lang='lat' dir='ltr'>adeoque</span> <span class='ocrx_word' id='word_1_196' title='bbox 1262 1651 1462 1691; x_wconf 83' lang='lat' dir='ltr'>beneuolos</span> 
     </span>
     <span class='ocr_line' id='line_1_24' title="bbox 163 1712 1462 1766; baseline 0.003 -15"><span class='ocrx_word' id='word_1_197' title='bbox 163 1712 344 1761; x_wconf 60' lang='lat' dir='ltr'>leam-es,</span> <span class='ocrx_word' id='word_1_198' title='bbox 377 1725 421 1751; x_wconf 88' lang='lat' dir='ltr'>ne</span> <span class='ocrx_word' id='word_1_199' title='bbox 454 1715 617 1766; x_wconf 62' lang='lat' dir='ltr'>perlecta</span> <span class='ocrx_word' id='word_1_200' title='bbox 648 1713 717 1753; x_wconf 85' lang='lat' dir='ltr'>hac</span> <span class='ocrx_word' id='word_1_201' title='bbox 750 1725 881 1752; x_wconf 85' lang='lat' dir='ltr'>manca</span> <span class='ocrx_word' id='word_1_202' title='bbox 915 1713 1155 1766; x_wconf 87' lang='lat' dir='ltr'>descriptione</span> <span class='ocrx_word' id='word_1_203' title='bbox 1184 1715 1229 1753; x_wconf 88' lang='lat' dir='ltr'>de</span> <span class='ocrx_word' id='word_1_204' title='bbox 1270 1728 1356 1755; x_wconf 83' lang='lat' dir='ltr'>mea</span> <span class='ocrx_word' id='word_1_205' title='bbox 1389 1728 1462 1755; x_wconf 87' lang='lat' dir='ltr'>vo-</span> 
     </span>
     <span class='ocr_line' id='line_1_25' title="bbox 165 1775 1461 1829; baseline 0.002 -15"><span class='ocrx_word' id='word_1_206' title='bbox 165 1775 301 1814; x_wconf 76' lang='lat' dir='ltr'>luntate</span> <span class='ocrx_word' id='word_1_207' title='bbox 330 1783 367 1811; x_wconf 85' lang='lat' dir='ltr'>et</span> <span class='ocrx_word' id='word_1_208' title='bbox 399 1775 516 1814; x_wconf 86' lang='lat' dir='ltr'>studio</span> <span class='ocrx_word' id='word_1_209' title='bbox 535 1808 546 1826; x_wconf 87' lang='lat'>,</span> <span class='ocrx_word' id='word_1_210' title='bbox 577 1789 686 1827; x_wconf 86' lang='lat' dir='ltr'>quam</span> <span class='ocrx_word' id='word_1_211' title='bbox 718 1776 842 1829; x_wconf 83' lang='lat' dir='ltr'>potius</span> <span class='ocrx_word' id='word_1_212' title='bbox 880 1778 927 1816; x_wconf 87' lang='lat' dir='ltr'>de</span> <span class='ocrx_word' id='word_1_213' title='bbox 976 1777 1254 1817; x_wconf 83' lang='lat' dir='ltr'>circumstantiis</span> <span class='ocrx_word' id='word_1_214' title='bbox 1304 1779 1461 1819; x_wconf 85' lang='lat' dir='ltr'>iudicare</span> 
     </span>
     <span class='ocr_line' id='line_1_26' title="bbox 169 1837 421 1888; baseline -0.012 -11"><span class='ocrx_word' id='word_1_215' title='bbox 169 1837 285 1877; x_wconf 80' lang='lat' dir='ltr'>velint</span> <span class='ocrx_word' id='word_1_216' title='bbox 316 1848 421 1888; x_wconf 86' lang='lat' dir='ltr'>rogo.</span> 
     </span>
    </p>

    <p class='ocr_par' dir='ltr' id='par_1_4' title="bbox 162 1898 1459 2196">
     <span class='ocr_line' id='line_1_27' title="bbox 279 1898 1458 1955; baseline 0.007 -18"><span class='ocrx_word' id='word_1_217' title='bbox 279 1898 492 1950; x_wconf 79' lang='lat' dir='ltr'>Praeparani</span> <span class='ocrx_word' id='word_1_218' title='bbox 527 1899 681 1939; x_wconf 87' lang='lat' dir='ltr'>sceleton</span> <span class='ocrx_word' id='word_1_219' title='bbox 723 1900 830 1941; x_wconf 84' lang='lat' dir='ltr'>vituli</span> <span class='ocrx_word' id='word_1_220' title='bbox 875 1901 1039 1953; x_wconf 79' lang='lat' dir='ltr'>manati,</span> <span class='ocrx_word' id='word_1_221' title='bbox 1070 1904 1155 1955; x_wconf 90' lang='lat' dir='ltr'>cepi</span> <span class='ocrx_word' id='word_1_222' title='bbox 1191 1913 1321 1944; x_wconf 87' lang='lat' dir='ltr'>cutem</span> <span class='ocrx_word' id='word_1_223' title='bbox 1370 1916 1458 1944; x_wconf 90' lang='lat' dir='ltr'>cum</span> 
     </span>
     <span class='ocr_line' id='line_1_28' title="bbox 162 1959 1459 2021; baseline 0.003 -19"><span class='ocrx_word' id='word_1_224' title='bbox 162 1961 315 2002; x_wconf 87' lang='lat' dir='ltr'>cuticula</span> <span class='ocrx_word' id='word_1_225' title='bbox 347 1959 490 2000; x_wconf 64' lang='lat' dir='ltr'>seorsim</span> <span class='ocrx_word' id='word_1_226' title='bbox 526 1962 724 2014; x_wconf 75' lang='lat' dir='ltr'>separatam</span> <span class='ocrx_word' id='word_1_227' title='bbox 758 1965 925 2016; x_wconf 78' lang='lat' dir='ltr'>gramine</span> <span class='ocrx_word' id='word_1_228' title='bbox 958 1965 1089 2004; x_wconf 82' lang='lat' dir='ltr'>fartam</span> <span class='ocrx_word' id='word_1_229' title='bbox 1140 1979 1290 2006; x_wconf 86' lang='lat' dir='ltr'>mecum</span> <span class='ocrx_word' id='word_1_230' title='bbox 1325 1979 1459 2021; x_wconf 86' lang='lat' dir='ltr'>appor-</span> 
     </span>
     <span class='ocr_line' id='line_1_29' title="bbox 165 2024 1457 2081; baseline 0.005 -17"><span class='ocrx_word' id='word_1_231' title='bbox 165 2034 241 2065; x_wconf 89' lang='lat' dir='ltr'>tare</span> <span class='ocrx_word' id='word_1_232' title='bbox 263 2057 272 2074; x_wconf 88' lang='lat'>,</span> <span class='ocrx_word' id='word_1_233' title='bbox 306 2036 346 2063; x_wconf 84' lang='lat' dir='ltr'>ac</span> <span class='ocrx_word' id='word_1_234' title='bbox 378 2036 463 2063; x_wconf 87' lang='lat' dir='ltr'>cum</span> <span class='ocrx_word' id='word_1_235' title='bbox 497 2024 587 2065; x_wconf 83' lang='lat' dir='ltr'>haec</span> <span class='ocrx_word' id='word_1_236' title='bbox 621 2026 672 2065; x_wconf 91' lang='lat' dir='ltr'>ob</span> <span class='ocrx_word' id='word_1_237' title='bbox 704 2027 838 2078; x_wconf 86' lang='lat' dir='ltr'>nauigii</span> <span class='ocrx_word' id='word_1_238' title='bbox 872 2027 1094 2078; x_wconf 78' lang='lat' dir='ltr'>paruit-atem</span> <span class='ocrx_word' id='word_1_239' title='bbox 1130 2029 1366 2081; x_wconf 76' lang='lat' dir='ltr'>impossibilia</span> <span class='ocrx_word' id='word_1_240' title='bbox 1401 2031 1457 2070; x_wconf 86' lang='lat' dir='ltr'>vi-</span> 
     </span>
     <span class='ocr_line' id='line_1_30' title="bbox 163 2085 1455 2146; baseline 0.004 -19"><span class='ocrx_word' id='word_1_241' title='bbox 163 2085 438 2138; x_wconf 80' lang='lat' dir='ltr'>derem,spolia</span> <span class='ocrx_word' id='word_1_242' title='bbox 468 2087 585 2128; x_wconf 66' lang='lat' dir='ltr'>saltim</span> <span class='ocrx_word' id='word_1_243' title='bbox 636 2102 790 2129; x_wconf 91' lang='lat' dir='ltr'>mecum</span> <span class='ocrx_word' id='word_1_244' title='bbox 823 2088 983 2141; x_wconf 86' lang='lat' dir='ltr'>sumere,</span> <span class='ocrx_word' id='word_1_245' title='bbox 1015 2090 1075 2131; x_wconf 90' lang='lat' dir='ltr'>sed</span> <span class='ocrx_word' id='word_1_246' title='bbox 1106 2100 1144 2131; x_wconf 94' lang='lat' dir='ltr'>et</span> <span class='ocrx_word' id='word_1_247' title='bbox 1174 2091 1266 2132; x_wconf 84' lang='lat' dir='ltr'>haec</span> <span class='ocrx_word' id='word_1_248' title='bbox 1300 2093 1455 2146; x_wconf 75' lang='lat' dir='ltr'>frustra3</span> 
     </span>
     <span class='ocr_line' id='line_1_31' title="bbox 165 2149 1459 2196; baseline 0.002 -5"><span class='ocrx_word' id='word_1_249' title='bbox 165 2151 221 2191; x_wconf 83' lang='lat' dir='ltr'>Ita</span> <span class='ocrx_word' id='word_1_250' title='bbox 256 2162 294 2190; x_wconf 91' lang='lat' dir='ltr'>et</span> <span class='ocrx_word' id='word_1_251' title='bbox 326 2162 411 2189; x_wconf 90' lang='lat' dir='ltr'>cum</span> <span class='ocrx_word' id='word_1_252' title='bbox 445 2149 575 2191; x_wconf 89' lang='lat' dir='ltr'>Leone</span> <span class='ocrx_word' id='word_1_253' title='bbox 606 2160 645 2191; x_wconf 88' lang='lat' dir='ltr'>et</span> <span class='ocrx_word' id='word_1_254' title='bbox 679 2152 764 2192; x_wconf 82' lang='lat' dir='ltr'>vrso</span> <span class='ocrx_word' id='word_1_255' title='bbox 796 2165 838 2193; x_wconf 85' lang='lat' dir='ltr'>ac</span> <span class='ocrx_word' id='word_1_256' title='bbox 872 2152 993 2194; x_wconf 87' lang='lat' dir='ltr'>Lutris</span> <span class='ocrx_word' id='word_1_257' title='bbox 1044 2156 1196 2196; x_wconf 86' lang='lat' dir='ltr'>marinis</span> <span class='ocrx_word' id='word_1_258' title='bbox 1243 2157 1282 2196; x_wconf 91' lang='lat' dir='ltr'>in</span> <span class='ocrx_word' id='word_1_259' title='bbox 1333 2158 1459 2196; x_wconf 85' lang='lat' dir='ltr'>animo</span> 
     </span>
    </p>

    <p class='ocr_par' dir='ltr' id='par_1_5' title="bbox 228 2213 1458 2269">
     <span class='ocr_line' id='line_1_32' title="bbox 228 2213 1458 2269; baseline 0.002 -15"><span class='ocrx_word' id='word_1_260' title='bbox 228 2214 348 2254; x_wconf 90' lang='lat' dir='ltr'>Tom.</span> <span class='ocrx_word' id='word_1_261' title='bbox 369 2213 421 2254; x_wconf 89' lang='lat'>11.</span> <span class='ocrx_word' id='word_1_262' title='bbox 443 2214 548 2255; x_wconf 90' lang='lat' dir='ltr'>Nou.</span> <span class='ocrx_word' id='word_1_263' title='bbox 571 2213 797 2256; x_wconf 76' lang='lat' dir='ltr'>Commeat.</span> <span class='ocrx_word' id='word_1_264' title='bbox 999 2214 1025 2259; x_wconf 91' lang='lat' dir='ltr'>S</span> <span class='ocrx_word' id='word_1_265' title='bbox 1058 2231 1074 2258; x_wconf 89' lang='lat' dir='ltr'>s</span> <span class='ocrx_word' id='word_1_266' title='bbox 1318 2218 1426 2259; x_wconf 83' lang='lat' dir='ltr'>habui</span> <span class='ocrx_word' id='word_1_267' title='bbox 1446 2248 1458 2269; x_wconf 85' lang='lat'>,</span> 
     </span>
    </p>
   </div>
  </div>
 </body>
</html>
