1971 2700
495 170 587 221 236
707 169 790 214 DE
819 166 862 214 V
860 163 1018 212 EGET
1013 159 1236 212 ATIONE
1269 164 1644 214 PLANTARVM

498 286 588 327 tidie
622 286 804 341 irrigaui3
856 284 914 326 sed
947 295 1067 334 cam,
1102 282 1185 336 post
1229 291 1282 329 12
1324 282 1402 323 dies
1452 283 1616 325 effi›ffiim
1637 317 1656 337 ,‚
1697 287 1825 329 inueni

494 350 686 392 madidam
721 352 876 405 quidem
897 381 908 401 ,
939 349 1002 389 sed
1037 347 1256 388 destitutam
1306 349 1415 388 omui
1464 349 1715 402 vegetationis
1763 352 1823 393 'mv

497 425 713 456 esemeuto.

839 506 1328 588 Experimentum
1369 506 1471 566 IV.

608 625 732 668 Anno
770 637 884 678 1737
918 628 957 670 d.
999 634 1039 670 8.
1073 628 1199 682 Iunii,
1235 630 1276 671 st.
1312 641 1353 670 v.
1389 628 1562 669 mandaui
1598 636 1747 682 terrae,
1779 628 1825 672 n·

491 689 585 731 bero
616 692 693 732 ae'ri
727 692 922 746 expositae
942 725 952 742 ,
987 692 1145 746 raphani
1190 693 1348 735 minoris
1399 693 1539 733 semina
1561 726 1571 745 ,
1625 706 1718 747 quae
1752 705 1824 747 pen

490 754 683 808 integrum
719 757 945 810 pmeccdens
980 758 1142 799 triduum
1184 759 1233 814 in·
1258 757 1377 798 melle
1425 757 1562 811 iepult.1
1618 759 1823 798 iacuerunt.

489 816 579 859 luas
610 830 802 872 praeterea
837 820 1032 874 foueolas,
1083 822 1122 862 in
1154 823 1286 875 quibus
1337 834 1448 876 grana
1501 822 1617 866 [ἀπε
1669 821 1794 862 infodi.
1813 851 1825 872 ,

491 882 619 923 multo
650 884 767 925 melle
798 884 984 938 consperfi
1005 917 1015 936 ,
1047 894 1088 925 et
1119 886 1255 927 deiude
1289 895 1388 926 terra
1417 885 1562 926 obtexi.
1631 883 1740 926 quta
1758 896 1828 926 ven

489 957 538 986 ro
570 946 669 987 hunc
705 946 844 989 sulcum
878 947 950 987 feci
982 960 1133 1002 quoque
1164 949 1281 990 alium
1304 982 1314 1001 ,
1348 951 1385 989 in
1417 961 1493 1003 quo
1534 949 1666 990 similia
1705 961 1827 1003 grana

488 1009 602 1051 melle
634 1011 737 1063 prius
771 1021 990 1062 macerata,
1024 1010 1085 1052 sed
1120 1025 1200 1052 non
1244 1013 1475 1053 circumdata
1517 1014 1667 1066 melle,
1718 1013 1826 1067 sepe-

490 1072 569 1114 liui.
637 1074 723 1116 Post
757 1074 905 1129 septem
940 1076 1020 1116 dies
1053 1075 1143 1116 haec
1185 1077 1321 1117 vltima
1354 1088 1559 1131 granorum
1612 1077 1719 1116 seties
1767 1077 1823 1119 (u-

490 1148 563 1191 pra
603 1146 742 1178 terram
791 1139 997 1178 emittebat
1048 1139 1212 1193 herba53
1265 1140 1348 1194 post
1402 1141 1582 1180 indecim
1618 1151 1712 1181 xero
1746 1140 1836 1184 dies*

489 1200 653 1241 demum
687 1201 830 1255 aliquot
861 1189 1044 1253 illorum,
1078 1215 1171 1256 quae
1206 1207 1243 1243 iu
1280 1213 1374 1243 terra
1411 1205 1528 1243 etiam
1565 1205 1680 1244 melle
1731 1217 1827 1247 con-

489 1262 607 1319 spersa
641 1264 841 1318 iacebant,
876 1264 982 1318 supra
1025 1275 1165 1307 terram
1220 1265 1459 1306 cmertcrunt.
1545 1264 1624 1305 Die
1658 1268 1823 1312 demum

494 1338 516 1367 1
558 1328 714 1382 Augusti
733 1361 745 1381 ,
778 1331 946 1370 eiusdem
980 1331 1068 1370 anni
1091 1363 1103 1380 ,
1145 1329 1286 1370 horum
1338 1329 1485 1369 extraxi
1539 1337 1599 1368 tot
1650 1332 1822 1386 radices,

491 1401 589 1446 quot
619 1393 731 1446 potui
763 1404 815 1432 ex
847 1391 1040 1433 fertilitate
1073 1392 1182 1433 huius
1214 1392 1346 1444 horti,
1382 1403 1492 1445 atque
1521 1393 1557 1431 in
1578 1391 1740 1434 conseffii
1759 1407 1823 1436 or-

488 1456 638 1496 dinario
670 1456 906 1497 Academiae
935 1457 1130 1511 gustandas
1163 1468 1227 1496 eas
1262 1455 1451 1507 exhibui,
1484 1456 1581 1509 quod
1624 1457 1817 1509 protocol-

487 1518 570 1560 lum
604 1519 698 1562 illius
744 1519 926 1562 consessus
959 1521 1159 1562 testabitur.
1225 1517 1300 1561 Sed
1337 1520 1430 1561 nihil
1457 1517 1731 1572 deprehensum
1751 1521 1825 1564 fuit

485 1584 526 1625 in
558 1582 616 1624 his
646 1584 902 1637 raphanorum
937 1585 1147 1636 radicibus,
1179 1584 1282 1638 quod
1315 1583 1378 1624 vel
1413 1583 1624 1624 minimum
1668 1584 1830 1640 mellis„

485 1655 550 1689 tut
580 1647 783 1691 inconsueti
814 1649 963 1692 alicuius
994 1647 1132 1704 saporis
1151 1680 1162 1700 ,
1196 1648 1378 1690 iudicium
1421 1646 1548 1689 ferret.

850 1775 1332 1858 Experimentum
1377 1773 1459 1833 Vr

600 1895 758 1940 Eodem
781 1928 792 1948 ‚
825 1910 903 1952 quo
936 1899 1069 1953 prius,
1104 1906 1276 1952 tempore
1312 1897 1380 1951 pisi
1415 1895 1616 1951 plantulam
1657 1898 1812 1952 optime

484 1960 716 2002 crescentem
749 1972 786 2003 et
821 1973 997 2016 vegetam
1032 1964 1140 2003 terris
1175 1961 1338 2011 exemi,
1371 1970 1411 1999 ct
1444 1959 1559 2000 subita
1596 1958 1732 2004 sciffiim
1751 1976 1808 2005 m-

483 2024 610 2064 dicem
665 2026 827 2079 separaui
860 2039 880 2066 a
914 2026 1019 2067 caule
1071 2037 1158 2065 cum
1210 2022 1485 2063 adhaerentibus
1536 2024 1603 2077 ipfl
1650 2026 1815 2083 hcl-big*

485 2096 568 2128 tum
605 2088 712 2129 simul
747 2090 885 2129 horum
923 2089 1071 2143 pondus
1100 2088 1226 2126 iuueni
1266 2089 1320 2124 16
1356 2099 1562 2139 granorum
1589 2120 1600 2140 ,
1634 2090 1724 2131 illius
1741 2103 1802 2131 au-

484 2160 569 2194 κω
602 2164 692 2208 223
726 2163 813 2208 quas
844 2152 934 2194 duas
962 2160 1086 2210 partes
1118 2148 1302 2207 separatas
1335 2163 1423 2199 cum
1459 2164 1527 2207 per
1548 2166 1571 2204 3
1595 2152 1801 2197 homsaefi

1648 2216 1771 2260 libero
1789 2250 1804 2271 ‚
