1971 2700
501 193 556 235 43
568 189 590 227 8
785 183 844 230 M
845 183 918 228 ET
916 178 1086 229 HODV
1086 179 1113 227 S
1148 176 1510 228 OBSERJMNDI

623 302 659 352 §-
693 311 735 351 7.
771 302 833 342 Ex
864 298 1177 340 obseruationibus
1208 297 1383 353 eclipseos
1412 295 1549 338 Solaris
1595 294 1671 337 hoc
1704 298 1825 341 modo'

507 366 676 408 institutis
706 365 853 419 poffiint
884 365 1019 403 deduci
1052 363 1253 417 sequentia.
1297 367 1366 401 1⁰³⁰
1400 361 1532 403 Motus
1562 359 1692 401 Lunae
1719 375 1740 402 a
1758 360 1831 410 So-

505 430 543 470 le
577 430 671 470 visus
702 440 792 468 cum
823 427 1027 468 direc‘tione
1059 428 1226 468 eiusdem
1261 430 1305 468 ad
1337 427 1512 467 diurnum
1545 423 1642 466 Solis
1674 434 1833 478 tempo-

504 495 540 534 ri
575 494 671 532 inter
704 491 792 531 duas
824 502 1059 545 quascunque
1092 491 1365 532 obseruationes
1394 490 1642 531 intercedenti
1676 488 1835 542 respon·

505 556 610 596 dens.
680 555 745 596 Ex
779 555 944 608 qualibet
979 568 1144 609 namque
1185 555 1442 596 obseruatione
1495 553 1651 608 pli-aleos
1700 553 1835 593 dantur

507 620 781 661 semidiametri
814 619 939 660 Lunae
973 631 1011 660 et
1045 618 1172 671 Solis,
1214 621 1466 674 quantitasque
1516 616 1669 672 plialeos
1718 616 1833 670 parti-

508 684 577 726 bus
609 685 823 738 aequalibus
843 687 1041 738 ‚temporis
1061 684 1252 738 expressae
1271 717 1282 736 ‚
1316 695 1386 724 nec
1408 694 1487 722 non
1507 681 1703 722 inclinatio
1720 680 1835 721 chor-

502 749 573 790 dae
606 748 810 790 dei'ecst'uiae
843 748 889 789 ad
922 749 1098 789 diurnum
1123 747 1228 809 ,Solis
1249 762 1260 802 ·,
1280 748 1395 788 vvnde
1413 746 1580 786 distantia
1599 746 1714 786 etiam
1745 756 1838 784 cen-

502 822 651 853 trorum
685 812 813 853 Lunae
844 822 881 852 et
915 811 1011 853 Solis
1032 846 1042 863 ,
1076 823 1113 852 et
1149 813 1341 852 inclinatio
1374 812 1540 851 eiusdem
1575 812 1618 850 ad
1658 811 1836 850 diurnum

503 875 604 919 Solis
637 886 816 930 tempore
851 875 1120 916 obseruationis
1157 875 1312 930 phascos
1345 875 1558 915 obtinentes
1591 875 1690 914 sicile
1734 873 1839 913 inue-

500 941 674 982 nientur:
715 940 742 981 fi
775 952 848 994 pro
880 941 1006 993 prima
1037 952 1058 980 e
1091 941 1237 981 summa
1280 939 1650 981 semidiametrorum
1704 938 1839 977 vtrius-

502 1016 576 1058 que
611 1004 760 1045 mobilis
793 1006 1000 1058 quantitas¹
1030 1004 1221 1060 eclipseos:
1247 1002 1479 1045 subtrahatur
1497 1036 1507 1055 ‚
1562 1015 1634 1056 pro
1684 1000 1839 1041 secunda

503 1079 629 1109 autem
673 1069 925 1110 inclinationis
975 1069 1142 1111 chordae
1191 1067 1396 1109 defecturae
1429 1068 1475 1108 ad
1509 1067 1688 1107 diurnum
1740 1063 1841 1106 Solis

504 1133 841 1185 complementum·
872 1134 918 1173 ad
948 1135 1131 1186 =angulum
1167 1133 1313 1174 rectum
1347 1131 1521 1173 sumatur.
1608 1130 1676 1170 His
1713 1139 1840 1170 autem

507 1196 555 1236 ad
590 1206 770 1248 tempora
801 1196 956 1236 duarum
987 1197 1231 1249 quarumlibet
1267 1195 1570 1235 obseruationum
1589 1194 1716 1244 datis,
1740 1189 1842 1248 poli-

509 1268 623 1311 toque
656 1257 747 1298 Sole
781 1268 964 1311 tempore
997 1261 1096 1300 inter
1127 1258 1404 1302 obstinationes
1437 1259 1689 1298 intercedente
1726 1260 1762 1297 in
1784 1257 1843 1298 lo-

507 1335 556 1362 co
590 1323 725 1375 prioris
757 1321 1024 1362 obseruatioais
1054 1323 1252 1363 immobili
1273 1355 1284 1374 ,
1316 1323 1410 1363 facili
1447 1325 1605 1375 negotio
1657 1322 1842 1362 inuenitur

505 1387 759 1440 propositum.
823 1385 1074 1440 Representet
1107 1380 1347 1426 enimlinea'
1383 1385 1421 1426 A
1441 1384 1476 1424 B
1509 1387 1681 1425 diurnum
1714 1384 1812 1424 Solis
1832 1415 1846 1435 ,

505 1451 663 1492 circulus
692 1447 734 1491 G
754 1450 782 1491 Ρ
792 1464 819 1503 g
842 1451 871 1492 F
904 1450 1037 1492 Solem
1059 1485 1070 1503 ,
1112 1451 1229 1504 sitque
1264 1451 1302 1490 in
1336 1463 1409 1490 vna
1450 1448 1706 1490 obseruatione
1760 1447 1794 1488 E
1813 1446 1843 1487 P

507 1516 656 1556 chorda
691 1515 877 1556 defectiua
897 1549 908 1568 ,
960 1528 1049 1556 cnm
1084 1515 1328 1556 inclinatione
1378 1515 1551 1555 eiusdem
1585 1515 1629 1554 ad
1663 1515 1843 1554 diurnum

509 1579 610 1622 Solis
663 1580 699 1622 E
718 1579 746 1620 P
765 1580 798 1621 K
819 1613 831 1632 .‚
865 1580 939 1621 HI
979 1580 1101 1621 radius
1151 1579 1282 1620 Lunae
1305 1613 1315 1630 ,
1348 1591 1367 1619 o
1398 1578 1433 1620 K
1470 1580 1588 1619 radius
1620 1577 1718 1619 Solis
1737 1611 1747 1630 ,
1781 1588 1801 1617 o
1830 1573 1848 1616 l

511 1645 697 1698 quantitas
729 1644 940 1698 eclipseos,
974 1654 1012 1684 et
1046 1647 1114 1685 crit
1147 1644 1186 1686 H
1208 1644 1241 1685 K
1275 1643 1447 1683 distantia
1487 1653 1703 1683 centrornm
1756 1651 1847 1681 cnm

511 1709 758 1749 inclinatione
789 1710 956 1749 eiusdem
993 1707 1084 1748 HK
1108 1708 1137 1749 P
1172 1708 1218 1749 ad
1261 1708 1439 1748 diurnum
1462 1722 1465 1729 ¹
1492 1706 1590 1748 Solis
1626 1708 1661 1746 A
1683 1704 1727 1746 B.
1799 1703 1846 1745 In

510 1772 665 1813 secunda
700 1771 962 1813 obseruatione
994 1771 1179 1813 chordam
1215 1771 1443 1812 defectuum
1478 1770 1702 1826 representet
1755 1769 1848 1810 linea

511 1835 550 1878 G
571 1836 609 1876 T
629 1870 639 1889 ,
672 1849 763 1877 cum
800 1837 1042 1877 inclinatione
1077 1837 1241 1877 eiusdem
1279 1837 1324 1876 ad
1358 1838 1532 1876 diurnum
1561 1834 1660 1874 Solis
1697 1830 1848 1886 GtK,

511 1901 627 1952 sitque
663 1902 786 1942 radius
818 1900 948 1941 Lunae
983 1899 1044 1941 In
1065 1934 1075 1951 ,
1110 1901 1335 1954 magnitudo
1368 1898 1552 1952 eclipseos
1585 1911 1605 1939 0
1626 1911 1648 1937 η
1669 1931 1679 1949 ,
1713 1909 1751 1937 ct
1778 1898 1850 1937 erit

511 1964 680 2004 dili-antia
733 1976 958 2005 centronim
1003 1964 1080 2005 11<
1104 1998 1113 2015 ,
1149 1972 1258 2004 cnm'
1288 1963 1533 2003 inclinatione
1583 1963 1750 2002 eiusdem
1803 1959 1851 2002 ad

513 2027 691 2066 diurnum
729 2027 828 2068 Solis
864 2029 878 2068 l
903 2029 935 2069 K
956 2029 999 2069 P.
1019 2039 1023 2044 ’
1045 2029 1250 2069 ῬΧςεΗίις
1280 2023 1394 2067 'liuius
1446 2027 1698 2066 inclinationis
1749 2025 1854 2078 fiipra

517 2091 685 2143 priorem
728 2092 1019 2131 inclinationem
1043 2124 1053 2141 ‚
1087 2091 1147 2129 seu
1185 2090 1395 2129 differentia
1430 2090 1667 2142 earundem,
1703 2091 1855 2130 critan-

514 2153 617 2206 gulus
651 2152 722 2194 11<
742 2153 792 2194 ll.
862 2155 930 2196 l‘cr
961 2165 1133 2194 extrema
1165 2155 1421 2196 distantiarum
1457 2153 1490 2194 K
1514 2153 1550 2193 H
1585 2165 1623 2195 et
1657 2154 1689 2195 K
1711 2152 1725 2193 l
1747 2186 1756 2204 ‚
1795 2150 1851 2192 seu

1717 2215 1854 2272 pnnc'ka
