1971 2700
151 212 239 258 AD
273 210 465 255 NAVES
494 205 746 254 ONERAR.
767 200 945 252 PROM.
973 201 1330 253 DESCRIPTIO,
1369 214 1459 264 219*

151 335 239 378 dens
272 347 299 375 z
332 337 437 384 1:35-
463 332 570 387 pedis
609 317 874 386 etyzfffi.
941 329 1052 372 Vnde
1091 331 1139 372 fir
1157 314 1458 391 ΞῑΞΣ(ΥΞ-ζῖ”

153 426 219 466 -1-
241 414 280 457 V
302 411 364 433 ³⁵⁷¹
414 412 529 475 )’;3’3.
595 415 660 457 Ad
694 416 852 470 planum
885 415 1108 458 resistenti-ae
1141 418 1244 458 nauis
1278 417 1463 458 determi-

305 453 395 474 167⁴r

149 493 315 534 nandum
349 493 596 547 supponamus
626 493 932 545 promouendam
965 489 1039 533 effe
1071 504 1211 533 nauem
1244 494 1460 534 onerariam

159 569 240 596 100
294 557 405 610 pedes
451 556 606 609 longam
626 587 636 606 ,
674 567 731 607 24
765 559 880 611 pedes
927 556 1043 598 latam
1076 566 1114 596 et
1156 568 1208 595 11
1249 558 1363 610 pedes
1395 555 1458 597 sub

151 633 242 674 aqua
274 618 504 671 demersam,
538 620 864 673 quemadmodum
898 620 961 661 hic
1006 619 1162 662 Neuam
1203 621 1365 661 nostram
1404 621 1464 660 in-

155 692 249 723 trare
280 684 426 736 solent,
477 683 548 722 erit
582 682 739 736 planum
789 685 1010 725 resistentiae
1056 697 1079 725 r
1098 697 1194 724 r:
1217 688 1271 722 26
1307 685 1467 737 pedibus

157 748 336 800 quadratis
369 746 525 786 circiter.
609 744 764 786 Dentur
795 749 840 788 ad
875 748 952 787 eius
984 748 1275 798 promotionem
1313 753 1336 787 8
1371 758 1462 797 ope·

154 811 270 861 rarii,
300 818 390 863 quot
419 808 552 848 scilicet
583 809 804 862 plerumque
845 811 883 849 in
917 808 1048 848 talibus
1098 807 1248 847 nauibus
1294 806 1464 847 adhiberi

153 871 284 913 fiuent.
356 870 610 913 Constituatur
643 874 683 912 in
717 883 877 926 vtroque
908 872 1021 911 latere
1053 871 1153 911 nauis
1194 882 1314 910 vnum
1365 870 1466 910 eius-

151 936 261 976 modi
292 936 492 989 remigium
526 936 630 989 supra
662 936 885 976 delineatum
919 945 958 975 et
991 935 1088 975 circa
1137 945 1341 988 Vtrumque
1390 943 1467 974 tres

149 1000 311 1053 operarii
339 999 387 1040 ad
422 1013 538 1040 vnum
573 998 766 1039 brachium
801 999 919 1038 veetis
938 1031 948 1049 ,
982 1010 1076 1037 vnus
1104 1009 1199 1037 vero
1232 998 1278 1037 ad
1303 998 1465 1037 alterum

148 1062 341 1102 brachium
376 1075 445 1115 pro
479 1061 704 1102 retrahendo
735 1074 845 1101 remo
863 1062 1097 1101 ordinentur.
1164 1060 1358 1116 Quoniam
1385 1060 1464 1100 iam

151 1137 297 1176 remus,
323 1125 417 1165 dum
437 1126 635 1164 retrorsum
669 1124 824 1164 trahitur
843 1156 853 1174 ,
874 1137 1009 1163 nauem
1029 1136 1107 1164 non
1126 1124 1293 1177 impellit
1312 1153 1323 1171 ,
1351 1124 1466 1163 adeo·

151 1200 224 1241 que
263 1197 408 1227 tautum
441 1187 599 1226 dimidia
629 1187 778 1225 circiter
809 1188 995 1238 temporis
1026 1199 1111 1238 pars
1141 1189 1186 1226 ad
1222 1198 1355 1226 nauem
1376 1198 1468 1239 pro-

151 1249 381 1291 mouendam
412 1248 644 1300 impenditur
665 1279 676 1298 ‚
710 1249 968 1302 concipiamus
998 1248 1075 1289 duo
1115 1250 1301 1290 eiusmodi
1351 1250 1470 1292 remi-

149 1312 210 1364 gia
243 1310 448 1350 alternatim
483 1311 533 1351 ita
566 1313 746 1364 moueri,
780 1323 824 1352 vt
855 1314 987 1365 quouis
1020 1322 1225 1354 momento
1257 1314 1357 1354 nauis
1389 1326 1466 1354 no-

149 1387 244 1414 vum
277 1374 478 1427 impulsum
511 1375 700 1428 accipiat,
734 1376 833 1416 idem
869 1377 954 1416 inde
985 1376 1139 1418 effectus
1170 1377 1388 1427 resultabit,
1423 1390 1468 1418 ac

151 1439 176 1478 fi
196 1439 350 1478 Vnicum
383 1438 587 1491 remigium
607 1451 743 1479 nauem
778 1441 961 1479 continuo
977 1440 1201 1493 impelleret.
1269 1438 1370 1480 Cum
1396 1453 1467 1479 vz-

153 1513 198 1540 ro
229 1501 305 1540 hoc
339 1511 494 1554 propter
527 1502 847 1543 constructionem
881 1502 963 1542 fieri
1007 1513 1196 1558 nequeat,
1247 1504 1285 1543 in
1318 1502 1465 1544 calculo

154 1564 279 1603 nostro
309 1565 459 1605 effeetus
491 1566 693 1606 amborum
727 1566 877 1607 effectui
912 1568 1015 1606 vnius
1048 1567 1209 1619 aequalis
1241 1567 1292 1606 est
1320 1566 1466 1606 haben-

157 1627 250 1677 dus,
283 1629 379 1680 quod
412 1629 451 1668 in
472 1630 664 1720 pcontinuo
696 1643 734 1670 m
740 1639 807 1670 otu
840 1629 912 1670 effe
953 1630 1182 1683 supponitur.
1271 1627 1312 1670 Si
1345 1632 1465 1683 itaque

156 1695 198 1737 in
230 1699 441 1751 aequatione
472 1686 549 1750 Ξῑ3
542 1733 597 1739 -
555 1707 629 1750 -(
653 1697 733 1756 V
719 1700 781 1728 -⁵-—
763 1696 780 1714 n
800 1699 926 1748 -l—V
948 1695 1019 1755 1}ss
1041 1695 1077 1755 )2
1097 1717 1105 1742 2
1127 1707 1157 1752 333
1194 1713 1377 1741 numeros-
1397 1712 1468 1754 pro

160 1773 342 1825 exemplo
378 1775 504 1813 nostro
536 1776 805 1817 determinatos
837 1778 1120 1830 substituamus,
1142 1777 1327 1817 resultabit
1356 1763 1382 1799 Ε
1413 1786 1469 1814 z:

158 1843 302 1889 {quam
338 1840 544 1890 proxime,
585 1848 622 1877 et
667 1840 822 1880 altitudo
872 1839 1093 1893 respondens
1141 1840 1318 1880 celeritati
1370 1837 1472 1878 nauis

160 1912 317 1951 erit-
262 1922 317 1928 —
337 1906 544 1993 ³}‚12's'8'1
568 1912 734 1964 ρ336ε115
803 1912 915 1951 Vnde
973 1913 1097 1964 prodit
1157 1912 1323 1952 celeritas
1373 1907 1475 1949 nauis

162 1973 236 2028 ipsa
274 1986 329 2012 Ξ
351 1977 391 2019 2ζ
414 1972 550 2026 pedum
588 1975 625 2013 in
660 1988 737 2014 vno
770 1977 917 2015 minuto
950 1974 1116 2016 secundo.
1206 1976 1329 2016 Tanta
1379 1981 1473 2013 vero

164 2037 328 2078 celeritas
357 2036 497 2076 vsitatis
529 2034 612 2077 alias
646 2039 770 2078 modis
803 2051 870 2090 fer
887 2041 1065 2078 etmclem
1104 2041 1362 2093 operariorum
1406 2048 1475 2076 nu-

172 2113 319 2141 merum
355 2111 558 2151 numquam
593 2101 850 2153 obtinebitur,
885 2101 1032 2154 siugulis
1071 2105 1177 2144 enim
1229 2101 1331 2146 horis
1379 2100 1481 2141 nauis

166 2163 367 2206 dimidium
401 2162 560 2205 milliare
589 2165 846 2219 germanicum
882 2174 1082 2219 percurret.

724 2228 761 2270 E
791 2240 813 2268 e
849 2241 872 2268 2
1359 2227 1392 2277 ξ.
1426 2230 1469 2268 6.
