1971 2700
560 212 652 252 442
846 195 981 244 MFV
981 199 1022 242 H
1025 196 1152 241 ODV
1148 196 1179 240 S
1211 193 1579 251 OBSERVANDI

560 313 656 355 duos
673 313 830 368 capillos
849 313 1042 368 parallelos
1059 324 1080 352 a
1099 311 1132 352 se
1151 312 1312 353 inuicem
1333 312 1410 352 sitis
1428 322 1598 351 remotos
1614 309 1720 351 verb.
1731 322 1776 365 gr
1798 315 1876 356 HF

560 389 602 419 et
622 380 657 419 A
680 378 714 419 E
738 412 748 429 ,
766 378 1025 431 capillumque
1043 375 1238 429 obliquum
1258 377 1479 416 alterutrum
1500 375 1684 430 appellat,
1718 389 1878 429 quorum

558 441 778 494 appulsuum
814 451 990 492 tempora
1025 452 1045 479 a
1076 439 1255 479 contactu
1286 439 1396 479 limbi
1447 441 1700 479 antecedentis
1752 439 1880 482 Lunae

554 516 647 544 ciim
679 503 825 557 papillo
859 502 1052 543 sistematis
1083 503 1225 542 vltimo
1244 535 1255 554 ,
1289 502 1351 542 vel
1381 514 1595 557 quocunque
1626 503 1702 543 alio
1743 516 1881 545 nume-

553 577 632 608 rata
684 566 836 607 seorsim
889 577 1082 607 notentur.
1148 564 1303 607 Deinde
1349 565 1407 603 20¹⁰
1451 565 1664 607 obscruetur
1711 568 1880 609 transitus

549 629 674 671 stellae
707 630 813 671 huius
845 643 915 685 per
948 630 1134 671 distantias
1165 629 1393 682 capillorum
1429 631 1506 671 tubi
1543 630 1806 685 parallelorum
1827 632 1880 671 iu-

550 697 643 735 terle
674 707 815 735 omues
851 696 888 735 iu
923 694 989 736 situ
1019 688 1144 748 capilli
1178 690 1216 734 G
1239 691 1273 733 C
1305 694 1351 734 ad
1384 694 1558 735 diurnum
1593 694 1717 734 stellae
1759 695 1881 749 paral-

549 758 624 799 lelo
644 793 654 808 ,
689 770 727 799 et
761 768 940 814 tempora
976 759 1191 799 transituum
1225 770 1294 812 per
1327 769 1631 813 vnamquamquc
1665 758 1876 800 diminuam

549 821 701 863 seorsim
737 823 857 864 etiam
891 832 1080 862 notentur.
1163 821 1217 862 Et
1250 821 1397 862 dabitur
1429 833 1481 862 ex
1512 822 1570 862 his
1602 820 1876 864 obseruationi-

546 887 616 927 bus
652 893 718 925 1¹¹⁰
749 885 954 927 Diameter
988 884 1114 926 Lunae
1150 883 1436 926 oscillationibus
1475 885 1666 939 horologii
1699 887 1746 927 ad
1785 899 1878 928 mo-

543 960 627 990 tum
665 950 791 992 stellae
825 950 946 991 relatis
975 949 1176 1003 expreffii3
1211 951 1296 991 Nec
1329 961 1408 990 non
1447 948 1506 988 2‘10
1549 950 1749 991 Inclinatio
1774 951 1878 992 diur-

543 1015 586 1055 ni
621 1013 749 1055 Lunae
781 1015 827 1056 ad
863 1013 1089 1069 parallelum
1123 1013 1276 1064 stellae,
1317 1023 1354 1053 et
1386 1013 1545 1068 denique
1581 1013 1650 1065 3¹1⁰
1685 1013 1877 1055 Differen-

544 1078 597 1118 tia
630 1079 925 1120 declinationum
959 1088 996 1118 et
1028 1077 1278 1119 ascensionum
1313 1077 1500 1117 rectarum
1551 1077 1682 1118 Lunae
1721 1090 1758 1118 et
1795 1078 1874 1119 stel-

548 1140 641 1190 lae,
693 1140 751 1181 seu
785 1144 887 1182 locus
928 1141 1057 1182 Lunae
1106 1141 1276 1194 respectu
1309 1142 1516 1195 aequatoris
1567 1152 1745 1196 tempore
1778 1153 1876 1183 con-

542 1204 664 1244 tastus
697 1205 878 1258 marginis
911 1203 1043 1244 Lunae
1073 1203 1324 1244 antecedentis
1363 1217 1453 1244 cum
1494 1205 1633 1257 capillo
1683 1204 1875 1247 sistematis

540 1266 685 1307 vltimo
718 1265 751 1306 Β
769 1267 841 1318 D,
891 1269 952 1307 vel
985 1267 1060 1307 alio
1110 1278 1333 1322 quocunque
1382 1265 1571 1322 assumpto
1619 1268 1873 1312 obseruationi

542 1332 786 1373 commodius
819 1329 1040 1373 instruiente
1081 1329 1268 1371 obtinens.

657 1461 680 1510 ξ
698 1473 739 1511 9.
791 1461 984 1518 Quoniam
1035 1460 1138 1501 enim
1181 1471 1248 1514 per
1299 1457 1600 1500 obseruationem
1636 1467 1727 1499 xm
1759 1463 1868 1504 datur

537 1525 706 1567 transitus
739 1527 918 1579 marginis
948 1525 1081 1566 Lunae
1113 1523 1367 1565 antecedentis
1400 1536 1470 1579 per
1503 1523 1716 1565 distantiam
1748 1527 1869 1580 capil-

537 1588 665 1630 lorum
703 1590 970 1643 parallelorum
1005 1591 1042 1630 A
1063 1588 1100 1630 Ε
1133 1599 1172 1629 et
1206 1585 1240 1628 B
1260 1587 1304 1629 D
1323 1621 1334 1642 ,
1367 1598 1406 1628 ct
1439 1588 1606 1628 transitus
1645 1589 1733 1630 disci
1786 1590 1865 1632 Lu-

533 1655 631 1694 mris
666 1667 733 1708 per
765 1655 943 1707 capillum
980 1655 1016 1694 A
1038 1653 1072 1694 E
1107 1663 1310 1706 Vtrumque
1346 1653 1383 1692 in
1419 1652 1486 1693 situ
1528 1653 1653 1706 capilli
1688 1653 1726 1696 G
1747 1651 1781 1694 C
1815 1655 1864 1698 ad

533 1716 708 1758 diurnum
745 1717 872 1758 Lunae
892 1717 1073 1772 parallelo
1093 1751 1104 1770 ,
1136 1727 1172 1756 et
1200 1728 1265 1770 per
1283 1715 1584 1756 obseruationem
1608 1715 1695 1754 adam
1733 1719 1863 1761 trausi-

532 1790 592 1822 tus
626 1782 747 1822 stellae
780 1795 848 1836 per
888 1784 1050 1822 eandem
1100 1780 1313 1821 distantiam
1365 1781 1591 1833 capillorum
1628 1781 1665 1820 in
1700 1782 1769 1822 situ
1799 1795 1863 1823 ca-

531 1846 614 1900 pilli
650 1843 688 1887 G
709 1844 744 1886 C
777 1846 822 1887 ad
856 1850 1032 1887 diurnum
1067 1845 1186 1885 stellae
1223 1843 1432 1897 parallelo,
1468 1843 1533 1884 fiat
1568 1843 1690 1897 itaque
1709 1845 1857 1889 illatio:

530 1920 575 1949 vt
610 1920 764 1964 tempus
797 1910 963 1951 transitus
996 1909 1175 1963 marginis
1208 1907 1338 1949 Lunae
1374 1920 1443 1961 per
1473 1907 1686 1947 distantiam
1738 1911 1860 1964 capil-

531 1972 659 2013 l‹=rum
715 1976 751 2015 A
775 1973 809 2014 E
841 1985 878 2014 et
915 1975 948 2014 B
970 1973 1010 2014 l)
1045 1985 1094 2013 ex
1130 1971 1391 2012 obseruatione
1425 1971 1484 2010 illa
1525 1975 1590 2008 1⁹¹⁶
1623 1971 1754 2013 datum
1775 2006 1786 2025 ,
1821 1975 1857 2016 se

528 2034 579 2076 ha
607 2047 643 2074 ct
677 2039 722 2076 ad
760 2048 912 2090 tempus
946 2036 1113 2077 transitus
1162 2036 1281 2074 stellae
1317 2047 1384 2087 pcr
1433 2035 1591 2074 candem
1643 2036 1854 2080 distantiam

524 2111 575 2138 ex
610 2099 867 2140 obl'crumoiic
903 2099 962 2138 2‘1a
1013 2100 1207 2150 cognitum
1229 2130 1239 2147 ,
1275 2099 1323 2136 ita
1368 2108 1519 2151 tempus
1563 2099 1729 2141 transitus
1764 2100 1851 2143 disci

527 2160 687 2205 Lunaris
716 2177 784 2220 per
816 2165 993 2219 capillum
1026 2161 1121 2204 ΑΕ
1153 2173 1203 2202 ex
1237 2163 1363 2217 prima
1405 2162 1541 2204 itidem
1589 2162 1851 2206 obseruatione

1709 2238 1849 2270 notum
