1971 2700
555 193 645 243 136
680 189 953 252 INQVIS'IT.
987 193 1050 237 IN
1076 191 1318 240 RATION.
1353 193 1754 245 PRAENOMEN!
1810 206 1882 245 cet.

561 306 659 348 diori
692 305 911 362 fiiperauerit
950 312 1257 363 eiiaporationem
1290 322 1342 350 ex
1373 311 1452 351 vast}
1485 311 1608 352 minus
1656 312 1845 367 profundo
1864 349 1876 368 ,

559 370 620 411 sed
651 383 740 412 cum
773 385 924 413 euentus
957 374 995 413 in
1027 375 1298 426 experimentis
1339 374 1480 415 diuerio
1532 385 1708 429 tempore
1755 380 1876 432 captis

559 434 795 476 dissimillimi
829 434 944 476 effent
963 469 974 487 ,
1026 437 1101 477 sine
1142 439 1283 478 ratione
1304 470 1314 489 ,
1349 439 1436 493 quid
1468 439 1675 479 not-inerim
1696 471 1708 490 ,
1739 441 1875 482 addere

556 498 674 536 nolui.
757 496 916 538 Silentio
954 510 1081 540 autem
1116 513 1194 541 non
1226 504 1424 556 praeterire
1459 501 1604 556 possum
1625 534 1636 553 ‚
1671 501 1876 556 superficies

559 571 677 612 aquae
708 560 791 613 post
825 575 942 603 vnum
975 564 1205 618 alterumque
1238 566 1340 607 diem
1375 568 1530 607 cuticula
1581 566 1769 607 interdum
1802 568 1873 610 ob-

556 622 686 664 ducias
719 623 838 678 fuine,
872 639 966 681 quae
999 632 1309 683 euapomti'onem
1341 631 1539 686 impediuit
1557 663 1568 682 ,
1604 639 1647 671 vt
1678 631 1749 671 vix
1766 628 1874 674 senfi-

555 685 638 728 bilis
669 686 777 729 effer.

671 753 693 802 §
731 768 772 805 4.
809 754 1017 798 Rationem
1049 770 1116 798 cur
1150 757 1230 799 vasi
1272 758 1378 801 die'to
1410 761 1532 802 modo
1579 768 1801 814 comparata
1832 769 1871 801 et

552 815 659 857 dieto
693 818 814 859 modo
848 821 1000 873 impleta
1031 823 1262 863 adhibuerim
1287 834 1328 864 vt
1359 823 1512 865 afferam
1545 836 1567 864 e
1599 836 1636 863 re
1667 823 1739 864 effe
1765 823 1869 864 vide-

552 888 637 920 tur:
674 880 825 935 suspicio
858 883 954 924 mihi
989 885 1290 938 subnascebatur‚
1322 888 1426 928 fiicile
1463 888 1552 940 eligi
1585 887 1685 940 poss'e
1705 886 1786 928 vasa
1816 896 1871 928 ta-

549 942 595 984 lia
615 976 626 994 ‚
661 957 754 997 qiiae
785 945 871 987 licet
904 947 951 987 ad
982 947 1118 989 sensum
1154 949 1261 990 vnius
1292 952 1467 992 diametri
1499 952 1614 992 essent
1632 983 1643 1003 ,
1675 950 1870 992 nihilomi-

553 1019 619 1047 nus
651 1011 797 1049 rati'one
828 1011 1100 1052 diametronim
1145 1011 1395 1065 discreparent
1415 1046 1426 1064 ,
1478 1027 1555 1067 quo
1585 1013 1668 1055 casu
1686 1047 1699 1067 ,
1733 1014 1761 1056 si
1791 1015 1872 1056 dia-

551 1081 674 1112 meter
709 1072 960 1126 profiindioris
990 1075 1082 1116 vafis
1113 1075 1200 1115 esset
1231 1078 1378 1129 maior,
1411 1078 1629 1130 euapomtio
1660 1078 1713 1117 ob
1745 1077 1871 1131 super-

550 1133 679 1176 ficiem
712 1138 900 1178 maiorem
936 1139 1060 1178 maior
1089 1139 1160 1179 esse
1192 1139 1346 1180 deberet
1382 1152 1434 1180 ex
1469 1139 1702 1194 profundiori
1753 1139 1838 1182 vase
1858 1172 1871 1193 ,

549 1207 587 1237 et
621 1198 647 1239 si
681 1200 860 1240 diameter
893 1201 987 1241 vasis
1018 1203 1141 1242 minus
1172 1202 1347 1255 profundi
1381 1202 1469 1242 esset
1502 1204 1624 1243 maior
1643 1235 1653 1254 ,
1687 1216 1871 1259 euapora·

548 1261 605 1302 tio
638 1262 688 1303 ob
724 1262 954 1317 superficiem
989 1267 1178 1306 maiorem
1212 1277 1261 1306 ex
1297 1265 1377 1306 vase
1411 1267 1534 1306 minus
1568 1268 1759 1319 profundo
1785 1280 1872 1308 ma-

547 1324 605 1366 ior
636 1325 706 1366 effe
738 1327 919 1368 deberet:
951 1328 1046 1381 elegi
1082 1329 1166 1369 hinc
1203 1330 1321 1369 maius
1355 1341 1420 1369 vas
1453 1331 1524 1368 tale
1545 1360 1555 1378 ,
1595 1330 1642 1369 de
1675 1341 1750 1382 quo
1787 1341 1868 1370 cer-

549 1398 605 1429 tus
638 1402 744 1430 eram
779 1389 1009 1445 superficiem
1042 1403 1157 1446 aqu-,ie
1188 1393 1267 1432 ae'ri
1299 1391 1512 1445 expositam
1545 1390 1617 1431 esse
1669 1392 1867 1433 minorem

545 1452 584 1493 in
617 1465 696 1505 eo,
730 1466 845 1508 quam
881 1454 1115 1508 superficiem
1151 1467 1266 1509 aqu-‚ie
1300 1456 1338 1495 in
1376 1453 1456 1495 vase
1490 1456 1642 1497 minori.
1716 1453 1866 1496 Deinde

542 1517 660 1558 etiam
694 1519 890 1571 dubitaui,
940 1531 987 1558 an
1023 1519 1156 1560 exacte
1188 1518 1269 1559 vassi
1299 1519 1346 1560 sic
1381 1518 1541 1573 implere
1593 1519 1736 1572 possem
1758 1552 1769 1572 ,
1822 1528 1866 1561 vt

544 1591 636 1632 aqua
671 1583 707 1621 in
739 1592 899 1635 vtroqiie
931 1583 1012 1623 vase
1047 1585 1082 1623 iii
1115 1584 1247 1623 eadem
1282 1583 1452 1623 distantia
1483 1582 1531 1622 ab
1565 1582 1716 1623 orificio
1772 1583 1866 1624 vasis

544 1642 756 1697 stagnaret,
787 1657 829 1686 et
861 1658 949 1685 ciim
985 1658 1034 1685 ex
1070 1646 1137 1686 hac
1173 1647 1448 1686 circumstantia
1488 1645 1741 1699 disparitatem
1778 1659 1865 1688 me-

542 1716 715 1759 tuerem,
751 1709 796 1749 fic
830 1709 987 1762 impleui
1018 1722 1110 1763 :iqua
1144 1710 1352 1764 profiiiidiuz.
1384 1722 1448 1749 vas
1483 1711 1583 1750 vtiid
1613 1710 1750 1751 sensum
1770 1723 1861 1765 pro-

541 1769 689 1811 fundior
720 1771 807 1813 esset
841 1772 1046 1826 superficies
1078 1787 1193 1827 aquae
1227 1775 1304 1814 :i‘e'ri
1341 1773 1508 1827 exposita
1550 1774 1586 1813 iii
1622 1774 1857 1829 profundiori

539 1833 622 1875 vase
656 1834 746 1875 infra
781 1837 971 1877 orificium
1008 1838 1129 1889 vasis,
1162 1851 1276 1892 quam
1310 1838 1347 1876 in
1385 1837 1466 1878 vale
1498 1838 1620 1878 minus
1652 1837 1854 1893 profundo,

539 1895 674 1939 Curaui
710 1899 814 1941 simul
849 1912 887 1942 vt
919 1901 1126 1955 iiiperficies
1166 1915 1280 1956 aquae
1315 1903 1392 1943 a'c'ri
1425 1901 1616 1954 expositae
1668 1901 1782 1940 essem
1814 1903 1852 1941 in

535 1964 669 2003 eodem
708 1963 932 2006 horizoiitaili
968 1966 1112 2019 plano,
1144 1979 1190 2006 ne
1224 1965 1360 2006 diueriii
1394 1963 1523 2016 pressio
1574 1963 1669 2003 a'e'ris
1701 1964 1854 2005 diuersi-

534 2033 652 2064 tatem
687 2030 838 2079 gignere
876 2030 1073 2067 videretur.
1139 2027 1323 2068 Prcss'ionc
1354 2027 1461 2067 enim
1493 2026 1588 2066 a'e‘ris
1618 2027 1757 2068 minori
1776 2028 1852 2069 mi-

535 2099 602 2127 nus
631 2091 840 2142 eiiapomffi:
873 2090 1104 2131 obseruatum
1137 2091 1200 2131 est.
1238 2089 1320 2147 (⁴¹⁵)

685 2239 1101 2289 (⁶)i’hilos.'1'ran›.(n.
1124 2241 1228 2290 ¹71-)
