1971 2700
584 242 664 284 DE
698 243 887 286 ACERE
1338 263 1361 291 2
1370 257 1390 292 8
1399 264 1425 303 7

239 357 390 400 Corolla
419 356 496 398 alba
515 387 527 409 ,
564 356 801 411 pentapetala
821 389 832 408 ‚
878 355 1012 410 petalis
1062 355 1245 412 lingulatis
1263 391 1274 412 ‚
1325 362 1429 416 apice

123 423 278 474 obtusis,
311 420 513 464 conuolutis
552 430 591 460 et
621 420 718 460 intra
761 421 882 461 calicis
913 420 1059 461 lacinias
1108 422 1396 466 delitescentibus
1416 458 1428 479 ,

123 500 215 541 quae
255 487 282 529 fi
331 484 576 527 extenduntur
594 515 606 537 ,
657 483 766 525 tertia
818 495 923 540 parte
973 485 1188 538 perianthio
1236 487 1426 543 longiores

119 551 209 592 sunt.

234 611 436 655 Filamenta
467 608 580 662 octo,
611 609 841 665 longitudine
859 614 1041 668 expansae
1075 614 1260 668 corollae,
1294 615 1425 657 filifbr·

119 678 196 719 mia
216 709 227 729 ,
258 676 336 718 alba
367 687 436 730 per
466 674 650 715 interstitia
681 674 895 728 petalorum
937 678 1205 731 erumpentia,
1258 678 1424 731 plerum-

117 754 187 795 que
220 740 348 781 erecta.
413 737 609 780 Antherae
640 738 884 791 ochroleucae
923 751 975 780 ex
1007 740 1170 780 rotundo
1219 753 1300 781 non
1332 741 1425 783 nihil

118 802 305 857 depressae
323 836 334 857 ,
366 812 518 856 quatuor
549 800 651 842 sulcis
690 801 1018 855 longitudinalibus
1068 811 1239 844 exaratae
1263 833 1276 856 ,
1328 816 1422 858 quo-

116 879 199 908 rum
232 869 304 908 duo
333 866 498 920 oppositi
526 865 781 921 profundiores
811 865 902 907 sunt.

229 949 397 1003 Germe'u
431 961 588 1016 pilosum
621 961 768 1003 hirliltia
802 974 890 1003 cum
911 970 1028 1003 aetate
1047 960 1297 1002 euanescente.
1330 958 1422 1014 Sty-

112 1025 166 1067 lus
198 1025 409 1078 filiformis,
444 1039 512 1079 per
552 1026 629 1066 dies
668 1026 768 1066 altius
809 1026 1048 1076 excrescens,
1097 1025 1152 1065 vti
1185 1024 1285 1065 reste
1334 1023 1419 1066 Cel.

114 1087 297 1130 Linnaeus
328 1090 531 1130 obseruauit
551 1121 563 1140 ,
604 1090 643 1128 in
675 1089 824 1130 floribus
856 1089 958 1129 enim
1010 1100 1138 1128 recens
1190 1088 1388 1140 explicatis
1407 1119 1418 1140 ,

113 1152 245 1205 stigma
276 1153 454 1192 duntaxat
487 1151 560 1191 sme
593 1152 672 1189 vllo
703 1152 784 1201 styli
825 1151 985 1203 vestigio
1035 1158 1220 1204 apparet,
1269 1151 1331 1203 qui
1364 1160 1422 1192 ta-

114 1227 204 1256 men
237 1214 463 1266 procedente
496 1221 672 1264 tempore
702 1211 975 1266 longitudinem
1008 1212 1209 1254 staminum
1230 1211 1306 1253 lere
1326 1210 1420 1254 affe-

110 1277 240 1330 quitur.
309 1273 499 1328 Stigmata
528 1275 605 1313 duo
623 1306 635 1327 ,
669 1276 787 1316 tenuia
805 1308 817 1329 ‚
849 1284 953 1316 acuta
973 1305 984 1325 ‚
1017 1275 1096 1317 alba
1114 1309 1126 1328 ‚
1158 1289 1338 1317 cornuum
1359 1277 1421 1318 in-

108 1338 181 1379 star
212 1337 364 1378 reflexa.
429 1337 729 1391 Receptaculum
761 1340 917 1381 crasshm
936 1372 947 1392 ‚
974 1339 1115 1380 luteum
1140 1371 1149 1391 ‚
1182 1339 1220 1379 in
1239 1340 1386 1381 ambitu
1406 1373 1419 1393 ‚

109 1400 138 1443 s1
169 1413 244 1455 ope
277 1401 387 1442 lentis
417 1400 560 1453 aspicias
577 1433 588 1452 ,
607 1401 787 1443 sinuatum
806 1435 816 1454 ‚
835 1415 991 1456 germen
1010 1403 1103 1443 intra
1127 1402 1161 1442 se
1177 1402 1414 1444 abscondens.

223 1463 399 1518 Capsulae
430 1465 524 1504 duae
554 1465 678 1505 ouales
696 1497 707 1518 ,
739 1466 948 1518 compeffae
967 1495 978 1515 ‚
1012 1465 1085 1505 bafi
1127 1464 1279 1506 coalitae
1300 1498 1310 1517 ,
1359 1465 1416 1507 ala

110 1525 332 1580 sesquialtera
363 1539 468 1582 parte
499 1528 689 1580 longiori,
721 1530 829 1583 apice
868 1528 1085 1569 subrotunda
1104 1559 1115 1580 ‚
1165 1527 1383 1569 terminatae
1401 1562 1413 1582 ‚

112 1602 208 1644 quae
240 1599 370 1631 tamen
400 1592 521 1632 minus
549 1591 742 1645 diuergunt
760 1624 772 1644 ‚
804 1604 917 1646 quam
952 1592 992 1632 in
1024 1591 1104 1632 aliis
1141 1591 1413 1644 congeneribus

112 1649 194 1695 fieri
243 1651 341 1693 solet.
425 1652 578 1697 Semina
636 1656 674 1697 in
707 1655 852 1710 singulis
893 1655 1042 1710 capsulis
1072 1654 1211 1708 singula
1242 1666 1294 1696 ex
1327 1664 1410 1696 atro

112 1717 276 1757 rubentia
307 1717 487 1759 videntur.

223 1811 290 1852 Ex
321 1810 405 1850 data
436 1810 676 1865 descriptione
707 1822 864 1866 apparet
892 1813 1073 1854 corollam
1107 1821 1302 1866 patentem
1331 1811 1410 1864 seu,

109 1874 203 1928 quod
223 1874 324 1914 idem
345 1874 416 1925 est,
442 1875 564 1927 petala
582 1876 768 1928 patentia,
793 1884 831 1915 et
850 1876 969 1930 petala
986 1876 1126 1916 laciniis
1142 1875 1260 1916 calicis
1277 1887 1411 1928 aequa-

107 1938 155 1979 lia
177 1970 187 1989 ,
218 1948 309 1991 quae
343 1947 520 1989 tanquam
551 1947 663 1978 notae
694 1938 1011 1979 characteristicae
1043 1938 1177 1979 Aceris
1205 1936 1324 1978 adhuc
1343 1937 1412 1978 ha-

109 2002 208 2041 bitae
238 2001 314 2040 sunt
334 2031 346 2050 ‚
381 2008 418 2039 et
450 2000 575 2052 prima
609 2013 628 2040 a
663 1999 745 2041 Cel.
780 2001 983 2052 Linnaeo,
1015 2002 1166 2042 alteraa
1203 1997 1282 2039 Cel.
1319 2001 1410 2040 Hal·

106 2065 185 2106 lero
217 2063 253 2103 in
284 2062 501 2103 definitione
535 2065 673 2116 generis
705 2062 860 2104 affiimta
894 2065 944 2104 est
964 2096 974 2115 ,
1006 2064 1133 2104 locum
1159 2064 1196 2103 iu
1220 2062 1408 2104 characte—

106 2140 144 2169 re
162 2128 303 2180 generis
319 2126 394 2166 iam
413 2126 566 2166 retinere
586 2139 658 2166 nou
677 2127 794 2180 posse:
825 2129 862 2167 in
882 2127 1091 2168 charactere
1106 2127 1208 2167 enim
1230 2128 1408 2180 generico

107 2191 292 2242 naturali,
325 2187 470 2245 (omnis
501 2201 630 2231 autem
662 2191 732 2231 rite
762 2191 988 2233 construitus
1024 2189 1189 2246 respec‘tu
1238 2192 1407 2243 cognita-

1318 2264 1404 2293 rum
