1971 2700
511 197 606 254 'iii-1]
698 191 1021 245 nonomen!
1055 188 1362 239 PERPETVO
1403 189 1638 238 Monam

496 314 565 356 *vel
599 314 745 370 pondus
776 314 954 356 eleuatnr.
1018 311 1291 366 Hugenianum
1343 320 1436 350 vero
1486 307 1689 351 artificium
1737 323 1826 355 cum

500 378 587 422 sune
630 378 781 420 infinito
823 389 862 418 et
894 377 1220 419 leutmannianum
1254 387 1342 415 cum
1377 372 1516 427 duplici
1556 374 1728 425 cylindro
1768 376 1829 418 bic

506 455 588 484 non
622 442 728 483 facile
761 441 942 496 adplicari
973 448 1138 494 poterat.
1209 438 1295 480 Post
1330 439 1448 478 varias
1478 437 1637 478 demum
1674 439 1833 480 medita-

504 508 624 547 tiones
656 506 780 559 reperi
823 503 1057 544 encheiresin
1107 504 1294 557 quandam
1313 534 1324 554 ‚
1375 515 1446 555 qua
1480 502 1611 542 omnia
1664 501 1835 556 requisita

516 569 681 609 obtineri
713 568 820 622 posse
853 568 998 609 nullum
1020 567 1118 608 mihi
1149 567 1307 608 dubium
1327 567 1609 620 relinquebatur.
1663 566 1715 608 Et
1741 578 1833 620 quo-

505 633 611 674 niam
645 645 765 686 nuper
798 633 835 672 in
872 631 1033 673 nouellis
1065 630 1227 685 publicis
1255 631 1303 673 de
1337 630 1541 684 horologio
1559 629 1724 684 quodam
1747 642 1837 684 per·

509 707 627 751 petuo
659 695 824 748 mobili,
858 696 905 736 ab
937 694 1081 737 artifice
1114 695 1258 737 varisco
1290 694 1504 736 constructo
1525 727 1535 744 ‚
1573 693 1690 735 multa
1727 706 1841 748 prae-

508 761 761 813 dicabantur,
812 772 890 800 non
935 760 1185 813 incongruum
1239 758 1318 800 sore
1366 760 1488 811 duxi,
1522 759 1592 799 liae
1642 758 1838 800 occasione

513 825 731 876 ostendere,
765 837 836 879 qua
867 824 1017 866 ratione
1047 823 1235 865 eiusmodi
1268 822 1513 877 horologium
1546 822 1712 879 practice
1745 834 1838 864 con-

507 889 599 931 ssrui
632 899 756 945 queat.

631 1019 664 1068 §.
693 1028 735 1066 3.
768 1016 985 1060 Fundantur
1017 1017 1201 1060 nimirum
1234 1029 1288 1059 ex
1322 1029 1345 1066 :3
1383 1017 1546 1073 partibus
1564 1017 1681 1060 stanni
1707 1027 1840 1059 etvna

508 1082 618 1137 cupri
659 1094 817 1137 quatuor
848 1080 1161 1137 pamllelepipeda
1190 1094 1251 1135 g,
1285 1079 1340 1134 h,
1371 1085 1413 1135 i,
1446 1082 1494 1133 k,
1531 1095 1562 1132 4
1596 1083 1708 1134 pedes
1758 1082 1842 1122 lon·

510 1157 561 1198 ga
594 1155 633 1186 et
667 1156 793 1187 tantae
832 1145 1000 1186 crassitiei
1025 1177 1036 1196 ,
1085 1156 1128 1186 vt
1161 1146 1305 1198 pondus
1338 1162 1369 1197 4
1413 1146 1713 1187 centenariorum
1762 1146 1844 1186 abs·

512 1220 587 1262 que
618 1220 769 1263 ruptura
804 1209 865 1248 vel
897 1208 1050 1248 sensibili
1083 1209 1304 1248 dilatatione
1337 1209 1511 1249 sustinere
1544 1219 1713 1262 queiutz,
1754 1208 1843 1250 saci-

512 1271 551 1313 le
585 1285 680 1314 vero
721 1273 799 1314 hoc
847 1281 1003 1326 propter
1052 1272 1231 1313 duritiem
1266 1271 1347 1312 talis
1398 1273 1584 1312 mixturae
1635 1271 1840 1313 obtinetur.

513 1333 802 1378 Conneetantur
834 1335 929 1376 haec
963 1335 1063 1376 inter
1097 1335 1131 1375 se
1164 1348 1232 1388 per
1267 1345 1291 1382 3
1327 1335 1456 1376 vee'tes
1488 1335 1740 1387 inaequalium
1760 1336 1845 1376 bra-

512 1399 687 1441 chiorum
729 1399 830 1452 lm,
866 1410 955 1450 no,
982 1406 1067 1453 pq.
1103 1398 1276 1439 Sitvero
1309 1397 1412 1439 l:m
1440 1407 1655 1451 :1:33
1688 1410 1846 1440 rizo:

506 1471 538 1519 p
560 1475 610 1518 :q
627 1477 680 1505 z
706 1481 724 1506 1
753 1479 760 1502 :
784 1478 827 1515 4.
863 1462 969 1503 Tota
1001 1474 1208 1517 compages
1241 1461 1490 1502 mediantibus
1531 1461 1688 1503 axibus.
1714 1460 1847 1503 firme-

513 1537 573 1568 tur
607 1529 654 1569 ad
690 1528 840 1569 brachia
873 1526 968 1577 cd,
1001 1539 1021 1566 e
1029 1527 1068 1583 s
1079 1558 1090 1579 ,
1127 1527 1258 1580 virgae
1291 1525 1429 1566 ferrare
1460 1525 1669 1568 robustioris
1701 1524 1740 1565 A
1774 1524 1809 1567 Β
1829 1556 1844 1580 ,

514 1603 564 1630 eo
596 1593 742 1632 circiter
776 1591 926 1643 m0d0,
959 1602 1073 1643 quem
1119 1590 1200 1643 Fig.
1238 1589 1271 1630 1.
1306 1590 1461 1630 indicat.
1529 1589 1722 1629 Vltimum
1773 1591 1843 1632 ho-

513 1668 597 1696 rum
649 1654 1058 1708 parallelepipedorum
1091 1655 1106 1695 i
1157 1654 1272 1694 altera
1304 1652 1362 1693 sua
1412 1654 1654 1694 extremitate
1683 1655 1848 1709 excipiat

513 1731 596 1759 crus
628 1719 774 1760 breuius
810 1719 929 1760 vec‘tis
961 1732 980 1759 s
1012 1730 1035 1757 r
1066 1718 1165 1758 circa
1198 1718 1288 1758 axin
1322 1717 1359 1756 in
1391 1729 1416 1759 r
1449 1718 1612 1758 mobilis,
1688 1717 1747 1758 Sit
1780 1732 1846 1760 ve-

518 1795 563 1822 ro
593 1795 750 1823 7⁶25:
774 1796 790 1821 1
817 1797 888 1834 13.
957 1780 1055 1822 Crus
1089 1782 1238 1835 longius
1270 1795 1288 1822 s
1320 1791 1425 1835 gerat
1467 1795 1596 1822 arcum
1647 1781 1844 1825 dentatum

518 1853 534 1886 t
568 1860 595 1887 v
628 1850 685 1886 60
723 1848 873 1888 circiter
903 1847 1102 1896 dentium,
1136 1847 1197 1898 qui
1234 1844 1382 1886 inseruit
1413 1845 1457 1886 ad
1490 1847 1669 1887 elatercm
1724 1848 1844 1887 inten-

520 1910 687 1952 dendum
723 1912 784 1952 vel
816 1913 862 1952 ad
899 1911 1047 1966 pondus
1077 1909 1270 1964 horologii
1303 1909 1493 1951 mediante
1527 1919 1606 1949 rota
1638 1922 1664 1946 α
1696 1909 1843 1950 eleuan-

521 1973 628 2013 dum.
702 1975 804 2016 Haec
839 1986 921 2016 rota
955 1990 980 2016 α
1012 1973 1162 2015 insolito
1194 1983 1232 2013 et
1266 1971 1410 2013 curioso
1459 1972 1570 2024 plaiic
1621 1975 1741 2012 niodo
1792 1974 1845 2015 est

521 2038 741 2078 construe'ta.
811 2040 934 2080 Habet
965 2039 1069 2078 enim
1104 2038 1200 2077 hanc
1234 2035 1505 2089 proprietatem
1530 2067 1541 2087 ,
1577 2043 1618 2073 vt
1641 2067 1651 2086 ‚
1672 2037 1754 2076 licet
1781 2049 1844 2078 ro-

524 2099 596 2139 tuli
627 2112 655 2138 ,τ
699 2102 843 2141 adnexa
895 2099 1135 2141 dextrorsum
1180 2098 1242 2137 vei
1284 2097 1524 2138 sinistrorsum
1575 2110 1844 2153 conuertatur,

516 2162 596 2217 ipsa
630 2173 711 2204 rota
746 2180 770 2205 α
802 2165 1049 2205 nihilominus
1081 2164 1230 2216 (emper
1263 2161 1465 2203 secundum
1499 2176 1612 2205 vuam
1646 2164 1841 2206 camdem-

1772 2240 1844 2283 que
