1971 2700
1077 186 1235 247 (2⁶)

485 308 589 354 euius
621 307 825 353 relationes
857 306 1023 353 maximi
1054 306 1146 352 flacit
1163 339 1176 356 ,
1208 317 1251 352 et
1283 304 1466 352 omnium
1496 306 1732 353 eruditorum
1751 311 1819 354 de·

483 377 747 432 scriptionibus
779 374 966 429 pmeierre
999 387 1080 416 non
1112 375 1270 416 dubitat.

605 441 652 482 In
698 439 951 494 descriptione
1000 438 1151 480 manati
1201 439 1227 479 s.
1270 450 1410 480 vaccae
1452 439 1621 480 marinae
1672 451 1820 480 errores

488 504 686 546 auctorum
722 505 910 558 plurimos
948 503 1118 557 exponit
1149 515 1193 544 ac
1232 503 1406 556 corrigit.
1473 503 1528 545 Et
1563 503 1695 556 primo
1738 506 1821 557 qui·

487 570 577 610 dem
619 568 770 610 manati
813 580 890 607 non
930 565 1008 607 esse
1045 566 1188 608 bouem
1233 566 1449 608 Aristotelis
1489 567 1613 619 dicit,
1647 577 1690 607 vt
1726 577 1821 621 pote

486 645 584 687 quae
618 642 810 684 nunquam
851 632 891 672 in
924 629 1025 671 sicco
1067 631 1266 685 pascatut;
1311 640 1396 672 tum
1428 631 1572 672 animal
1614 630 1706 671 illud
1740 644 1821 674 non

491 694 568 736 ess‘e
599 696 762 749 pilosum
782 727 793 746 ,
836 704 881 734 vt
915 707 1120 748 perperam
1160 694 1319 736 traditur
1339 725 1353 746 ,
1389 708 1470 736 non
1505 695 1644 735 habere
1676 707 1822 748 vngues

489 759 668 801 humanis
685 758 842 810 similes,
861 770 942 799 non
959 759 1156 800 ascendere
1171 760 1327 810 fluuios,
1347 771 1426 801 non
1445 759 1572 799 iacere
1591 759 1704 813 super
1715 759 1820 813 saxa,

491 835 573 864 non
624 820 701 863 effe
745 821 884 876 sagax,
924 822 983 864 sed
1027 824 1153 876 potius
1208 822 1396 878 stupidum
1445 833 1486 863 et
1531 823 1821 866 voracissimum

491 885 688 940 affirmat,
721 886 851 941 postea
882 886 1025 942 lapides
1056 887 1105 929 sic
1140 886 1265 928 dictos
1298 884 1546 929 Manatiossa
1567 887 1822 930 masticatoria

492 952 665 992 eiusdem
730 951 805 992 ess'e
839 984 853 1003 ,
927 949 1169 1004 descriptioni
1244 949 1346 992 Dale
1405 952 1442 992 in
1500 951 1823 1006 Pharmocologia

493 1015 646 1056 innixus
664 1047 675 1068 ,
717 1027 839 1069 paene
877 1012 1003 1054 nullus
1033 1013 1190 1055 dubitat.
1224 1012 1406 1066 Denique
1439 1014 1632 1067 singularis
1662 1016 1822 1070 institi,

493 1092 571 1134 quo
604 1078 744 1120 animal
777 1079 855 1119 hoc
887 1077 1079 1118 infestatur
1098 1109 1109 1128 ‚
1141 1077 1441 1131 descriptionem
1476 1077 1595 1118 addit.

611 1143 753 1184 Vrium
792 1141 981 1183 marinum
1025 1153 1046 1181 a
1080 1138 1302 1195 Dimpiero
1343 1139 1515 1194 primum
1549 1139 1729 1181 omnium
1763 1143 1824 1182 vi-

492 1207 574 1249 sum
607 1217 647 1248 et
681 1207 744 1247 sub
776 1205 852 1247 hoc
885 1206 1046 1246 nomine
1078 1205 1310 1260 descriptum
1342 1203 1419 1245 esse
1447 1201 1586 1245 afferit.
1650 1204 1825 1259 Amphi-

495 1271 556 1312 bia
590 1272 684 1312 haec
725 1273 838 1311 certis
875 1269 963 1311 anni
1007 1270 1245 1323 temporibus
1287 1269 1399 1310 instar
1438 1268 1640 1320 anserum,
1676 1280 1825 1322 cygno-

491 1349 580 1376 rum
622 1346 664 1376 et
693 1336 854 1376 aliarum
890 1347 940 1375 ex
975 1334 1129 1386 auibus,
1169 1345 1233 1374 aut
1274 1343 1479 1374 truttarum
1519 1344 1541 1372 e
1576 1332 1765 1385 piscibus,
1798 1344 1824 1372 e

492 1399 584 1440 loco
624 1401 664 1440 in
708 1400 836 1440 locum
883 1398 1047 1451 migrare
1091 1398 1280 1440 verissime
1313 1397 1469 1447 scribit,
1513 1395 1825 1450 migrationisque

490 1465 571 1504 eius
604 1462 727 1504 causis
768 1476 845 1503 nou
878 1462 1176 1502 contemnendas
1218 1461 1341 1502 affert.
1409 1460 1587 1501 Tandem
1623 1461 1822 1515 postquam

493 1527 539 1568 de
572 1529 734 1580 partibus
763 1527 962 1577 externis,
996 1527 1164 1578 internis,
1199 1527 1300 1567 vitae
1319 1537 1461 1580 genere
1493 1534 1534 1565 et
1562 1535 1718 1579 captura
1751 1536 1824 1564 eo-

494 1603 579 1631 rum
614 1591 763 1632 abunde
796 1582 1078 1631 commentatus
1117 1590 1172 1630 est
1193 1623 1203 1641 ,
1238 1590 1377 1631 insulae
1421 1589 1648 1630 Fcrdinandi
1682 1588 1824 1629 menti-

493 1656 613 1695 onem
637 1655 773 1706 iniicit,
810 1656 847 1694 in
882 1667 953 1708 qua
987 1653 1222 1708 Dampierus
1239 1654 1351 1694 litora
1384 1652 1717 1693 innumerabilibus
1738 1664 1826 1706 gre·

493 1720 599 1773 gibus
631 1719 842 1773 phocarum
866 1752 876 1770 ,
912 1719 1068 1760 leonum
1104 1728 1143 1759 et
1175 1717 1348 1758 vrsoruni
1394 1718 1628 1758 marinorum
1661 1728 1826 1770 cooper-

497 1793 536 1823 ta
572 1781 703 1824 vidisse
733 1784 768 1822 se
800 1792 950 1832 narrat,
992 1793 1031 1822 et
1065 1783 1141 1823 duo
1175 1782 1261 1822 inde
1301 1780 1463 1834 colligit.
1533 1780 1609 1835 1.)
1643 1779 1826 1821 Australis

495 1848 598 1887 orbis
632 1847 763 1889 bestias
794 1847 959 1887 marinas
988 1847 1143 1888 casdem
1174 1845 1269 1896 effe,
1310 1857 1400 1899 quas
1433 1843 1721 1897 haemisphaerii
1752 1843 1824 1883 bo·

497 1912 607 1952 realis
640 1911 700 1950 sub
732 1910 865 1951 eadem
903 1910 1139 1964 longitudine
1159 1943 1170 1961 ‚
1203 1919 1266 1949 aut
1299 1920 1378 1948 non
1412 1907 1576 1946 multum
1610 1906 1821 1958 differente,

495 1975 634 2016 deinde
676 1974 796 2013 credit
844 1973 949 2012 vrsos
1001 1974 1172 2011 marinos
1221 1968 1585 2011 Kamtschaticarum
1636 1980 1822 2011 terrarum

497 2040 561 2081 sub
594 2038 734 2078 eodem
767 2035 881 2089 gradu
916 2035 954 2074 in
988 2046 1097 2087 parte
1129 2034 1269 2073 boreali
1305 2032 1532 2084 liybcrnzirc.

620 2103 767 2143 Leones
800 2099 968 2139 marinos
1005 2108 1085 2138 tam
1120 2097 1243 2137 forma
1283 2106 1440 2136 externa
1464 2129 1473 2145 ,
1507 2109 1621 2150 quam
1658 2099 1824 2149 partium

501 2168 566 2210 vsu
598 2177 639 2209 ct
673 2163 850 2208 structura
870 2196 883 2217 ,
918 2171 963 2204 vt
992 2171 1033 2204 ct
1068 2162 1256 2203 viscerum
1287 2160 1552 2203 constitutione
1586 2162 1678 2204 vrfis
1709 2162 1824 2204 simil-

1709 2226 1826 2267 limos
