1971 2700
514 166 598 210 DE
624 163 840 211 BESTHS
869 163 1143 214 MARtNrs.
1398 184 1495 225 319

302 281 427 325 Cranii
459 276 531 323 ofli'r
578 269 814 322 'coniunctim
857 292 926 321 nec
957 280 1094 334 equino
1122 281 1259 335 vcapite
1309 284 1455 325 maiora
1474 319 1486 340 ,

187 357 256 386 nec
287 346 434 398 forma,
465 358 532 386 nec
563 342 692 385 Offium
724 344 987 385 coniunctione
1019 345 1181 385 multum
1213 344 1402 386 differunt.

300 409 477 451 Cranium
511 407 644 462 absque
674 408 754 448 vlla
786 408 901 448 sutura
934 410 1119 461 integrum
1154 410 1310 451 anterius
1347 410 1491 452 duobus

104 512 106 515 .
183 474 402 527 processibus
431 472 530 513 duris
561 470 679 512 versus
728 473 874 513 narium
907 471 982 512 offa
1023 473 1235 513 extenditur
1265 485 1308 513 ac
1340 474 1490 515 arthro·

164 537 243 578 >dia
273 536 499 578 diarthrodes
528 533 658 575 offibus
689 536 762 576 nafi
797 545 835 576 et
869 535 1122 577 maxillaribus
1169 537 1332 589 iungitur
1351 569 1362 590 ,
1412 537 1488 579 offir

181 611 278 640 vero
307 600 381 641 nasi
412 592 664 640 maxillaribus
696 599 878 652 ginglimo
910 599 1139 640 diarthrodes
1154 600 1363 653 iunguntur.
1399 600 1489 642 Offa

181 663 257 704 nasi
286 664 365 704 rudi
395 655 510 703 sutura
542 662 751 715 iunguntur.
811 662 866 702 Os
896 672 1115 716 temporum
1164 666 1291 704 cranio
1338 663 1457 705 sutura
1474 697 1487 718 ‚

182 737 224 768 os
255 727 416 782 accipitis
444 735 569 767 autem
602 725 802 765 harmonia
833 725 998 778 iungitur
1015 757 1027 776 ,
1060 724 1294 767 durissimum
1328 738 1372 767 ac
1408 727 1486 768 fere

179 790 330 831 saxeum
359 791 423 832 est.
487 788 650 831 Maxilla
681 788 886 829 interioria
917 787 1050 830 adultis
1082 800 1134 830 ex
1165 799 1270 842 vno,
1303 789 1344 830 in
1361 789 1487 831 vitulis

179 852 318 908 duplici
348 854 422 895 osse
451 854 618 894 constat..

283 915 419 975 'Caput
451 929 472 958 a
503 917 645 957 naribus
678 928 793 970 vsque
825 916 872 957 ad
903 918 1055 971 occiput
1092 925 1164 966 27.
1199 915 1358 972 pollices
1389 914 1477 959 lon·

174 991 266 1036 gum
284 1015 297 1035 ,
327 983 372 1024 ad
404 981 556 1035 occiput
591 985 663 1027 13}
698 980 882 1033 pollicem
913 976 1053 1020 latum.'
1245 1012 1254 1020 .

288 1044 494 1086 vertebrae
522 1044 563 1084 in
580 1037 788 1084 vniuersum
808 1047 891 1084 60..
915 1042 1026 1097 sunt,
1014 1076 1033 1097 ‚¹
1060 1047 1111 1085 60.
1137 1042 1260 1097 colli,
1296 1054 1365 1094 19.
1389 1042 1497 1087 dorsi·

287 1110 444 1149 caudae,

178 1117 259 1159 35
289 1169 489 1210 Costarum
523 1180 701 1208 verarum
735 1176 773 1215 ς.
811 1167 950 1221 paria,
976 1166 1187 1221 spuriarum
1223 1179 1293 1208 12:

284 1231 558 1271 vertebrarum
620 1229 710 1270 colli
758 1242 927 1284 corpora
968 1232 1116 1285 angusta
1162 1231 1275 1284 sunt,
1324 1232 1495 1286 generalia

168 1292 346 1336 structura
396 1305 576 1347 equorum
608 1293 699 1334 colli
730 1295 908 1334 vertebris
938 1295 1071 1336 similes
1090 1327 1109 1348 ‚
1151 1304 1332 1350 quantum
1386 1308 1494 1338 vero=

166 1357 332 1413 differant
349 1356 567 1411 specialibus
587 1357 801 1410 quibusdam
820 1357 1056 1411 differentiis,
1082 1359 1176 1400 nolo
1193 1360 1371 1411 indicare,
1389 1371 1490 1401 cumi

166 1420 267 1470 libris
297 1431 337 1462 et
365 1420 502 1461 sceleto
534 1422 675 1475 equino.
704 1420 914 1473 destituar·‚.
933 1433 1010 1463 nec:
1043 1422 1261 1464 memoriae
1286 1431 1328 1462 et
1358 1423 1492 1479 phau-

170 1482 279 1524 tafiae
309 1486 478 1525 credam.v
1445 1519 1450 1532 ,

282 1547 552 1589 Vertebrarum
600 1548 702 1589 dorsi
747 1546 881 1603 spinae·
921 1558 1059 1591 acutae*
1083 1558 1120 1590 et
1151 1548 1245 1590 latae
1277 1547 1358 1590 sunt
1373 1582 1384 1602 ‚
1435 1561 1489 1591 ae*-

170 1619 251 1650 non
278 1609 448 1651 obstante
478 1611 588 1653 crana
619 1612 780 1653 cuticula
813 1612 999 1667 crassoque
1032 1613 1233 1666 panniculo
1265 1610 1420 1667 adiposo
1439 1613 1487 1654 in÷

168 1671 268 1714 siccis
299 1674 514 1715 animalibus
544 1674 654 1715 valde
686 1676 861 1717 eminent
892 1688 935 1716 ac
968 1675 1192 1730 conspicuae
1223 1674 1319 1716 sunt.

282 1735 489 1777 Vertebrae
518 1738 621 1779 dorsi.
644 1751 666 1778 e
698 1740 851 1792 regione
883 1739 1077 1780 ventriculi
1109 1749 1148 1781 et
1179 1739 1326 1794 hepatis
1363 1739 1489 1781 inter--

164 1808 216 1847 na
248 1807 356 1851 parte
387 1798 616 1839 acuminatae
647 1802 847 1852 euadunt·,„
868 1791 1036 1855 reliquae}
1061 1815 1162 1842 vero*
1187 1814 1323 1843 omnes
1347 1811 1478 1843 rotun-

166 1859 235 1903 dae
266 1862 375 1914 finnt,
407 1873 451 1901 ac
482 1863 686 1902 eminentia
718 1863 788 1903 hac
819 1865 1033 1904 acuminata·
1062 1874 1201 1905 carent.

279 1924 486 1966 Vertebrae
503 1926 640 1965 caudae
656 1925 816 1979 fingulae
841 1926 1023 1979 processus
1041 1940 1081 1977 4.
1103 1927 1296 1981 singulares
1314 1926 1485 1981 habent,¹

163 1985 332 2029 laterales
378 1987 511 2042 longae
561 2000 605 2028 ac
636 1987 731 2028 latae
761 1988 871 2040 sunt,
903 1991 1072 2029 exterior
1108 1989 1292 2044 processus
1341 1990 1475 2031 latera-

163 2050 261 2091 libus
292 2051 416 2092 fimilis
446 2050 636 2093 latitudine
657 2083 668 2103 ‚
704 2050 764 2091 sed
805 2051 954 2092 breuior
975 2085 986 2103 ,
1037 2053 1230 2093 interiores
1283 2055 1478 2107 proceffiis

163 2111 352 2168 singularia
382 2113 456 2157 oss‘a
487 2114 564 2157 sunt
596 2113 744 2158 Lamda
772 2126 990 2170 graecorum
1023 2116 1277 2173 exprimentia
1312 2117 1476 2170 corpori

1347 2186 1483 2218 Vestes·—
