1971 2700
138 223 406 287 INQVrslT.
442 220 506 269 m
537 213 1198 264 RATION.-1>HAENOMEM
1229 225 1297 258 cet.
1354 230 1428 269 137

255 340 275 388 §
315 350 354 389 ς,
392 337 492 379 Cum
505 347 573 387 ⁴ex
606 333 839 388 profundiori
870 333 952 373 vase
987 344 1065 371 non
1097 329 1216 369 solum
1250 328 1300 368 ob
1319 329 1437 368 mino-

133 416 216 444 rem
249 403 471 457 superficiem
490 432 501 451 ‚
532 398 590 438 sed
620 399 734 438 etiam
766 398 816 437 ob
847 396 1137 451 profunditatem
1173 393 1358 433 maiorem
1381 392 1436 433 su·

137 464 424 520 perficiei.iufra
461 461 654 502 orificium
703 461 792 501 vasis
843 464 964 502 minus
1014 471 1214 516 euaporare
1262 461 1414 500 deberet
1434 499 1445 518 a

125 542 251 583 ⁴quam
284 541 332 569 ex
364 525 446 567 vase
486 525 609 565 minus
648 524 859 578 profundo,
891 535 929 565 et
970 526 1210 566 nihilominus
1257 535 1309 563 ex
1347 533 1435 575 pro-

140 591 296 633 fundiori
326 588 406 632 vase
438 587 519 642 plus
552 598 726 641 euaporet
745 620 755 639 ,
787 589 957 641 legitime
997 589 1167 629 concludi
1209 585 1307 641 poffe
1349 583 1443 624 iudi·

139 668 188 697 co
206 689 217 709 ‚
247 666 294 695 ex
326 653 406 694 vast:
442 650 678 704 profundiore
710 663 758 690 eo
795 652 914 705 magis
946 653 1024 706 plus
1056 664 1252 704 euaporare
1286 650 1443 698 debere,

139 719 165 760 fi
200 716 397 771 superficies
428 727 544 768 aquae
576 715 653 754 ae‘ri
684 714 876 765 expositae
908 714 986 754 sunt
1021 714 1165 765 aequles
1185 724 1222 752 et
1240 711 1444 764 superficie-

140 793 223 823 rum
249 778 515 836 profiinditates
542 776 635 817 infra
667 775 800 816 orifica
833 776 1001 818 vasorum
1033 776 1169 831 pariter
1201 773 1379 827 aequales.

256 874 287 925 §.
308 877 348 914 6.
385 871 502 915 Nunc
533 866 671 926 restat,
701 882 747 913 vt
779 873 894 914 etiam
928 872 966 913 in
1000 873 1184 912 rationem
1218 869 1448 923 phaenome-

142 940 181 980 ni
212 939 427 992 inquiram3
461 936 524 977 vbi
559 936 682 977 statim
717 936 910 977 confidero
943 936 1254 989 euaporationem
1288 932 1369 972 fieri
1411 931 1450 970 in

142 1001 398 1056 atmosphaera
420 1032 432 1052 ‚
465 999 597 1040 medio
627 1000 795 1052 quodam
831 1011 917 1039 raro
935 1031 946 1050 ,
979 998 1106 1039 multis
1136 1007 1174 1037 et
1206 994 1451 1049 frequentibus

141 1063 442 1107 viciffitudinibus
477 1061 657 1101 obnoxio.
743 1061 812 1103 Illa
857 1063 960 1102 enim
1001 1062 1087 1102 licet
1117 1059 1415 1101 Thermometra
1437 1089 1450 1108 ,

142 1125 404 1176 Barometn1‚
451 1124 693 1176 Manoscopia
745 1134 781 1164 et
823 1124 1070 1178 hygroscopia
1109 1134 1146 1164 et
1190 1129 1452 1162 anemometra

143 1190 262 1230 nostra
295 1187 514 1227 variationes
552 1188 627 1226 eius
665 1186 842 1227 minimas
890 1199 966 1226 non
1008 1187 1198 1237 indicent,
1240 1187 1360 1226 modo
1400 1184 1452 1225 est

141 1251 304 1303 frigidior
337 1248 457 1289 modo
488 1248 644 1289 calidior
663 1281 674 1301 ,
707 1250 830 1289 modo
863 1250 981 1303 magis
1014 1262 1206 1303 premens,
1242 1249 1361 1289 modo
1380 1249 1452 1288 mi-

139 1325 205 1354 nus
240 1323 431 1365 premens,
467 1313 590 1352 modo
624 1312 768 1352 densior
788 1314 905 1353 modo
923 1313 1040 1354 rarior
1058 1346 1069 1365 ,
1121 1314 1241 1353 modo
1261 1312 1453 1353 humidior

141 1376 260 1417 modo
277 1375 553 1426 siccior‚modo
572 1375 819 1416 vehementer
837 1377 971 1429 agitata
1008 1377 1128 1417 modo
1163 1377 1295 1427 lenius,
1333 1377 1452 1415 modo

140 1438 348 1492 tranquilla.
383 1435 423 1478 Si
442 1438 553 1490 igitur
577 1438 835 1492 atmosphaera
864 1440 942 1479 talis
966 1439 1224 1492 superficiebus
1249 1451 1364 1491 aquae
1392 1448 1454 1477 ae-

144 1501 488 1556 qualibusimminet
498 1510 535 1541 et
545 1500 716 1542 vasorum
736 1503 894 1555 parietes
912 1503 1051 1554 ambit,
1072 1503 1110 1542 in
1129 1503 1258 1555 quibus
1275 1513 1367 1554 aqua
1387 1500 1454 1539 sta-

145 1574 255 1617 gnat,
288 1564 400 1604 etiam
436 1565 685 1605 mutationem
720 1566 759 1605 in
793 1565 852 1606 illa
883 1566 1064 1619 producat
1096 1565 1236 1605 necesse
1254 1565 1307 1604 est
1325 1595 1336 1615 ‚
1367 1574 1454 1616 qua-

146 1627 329 1681 liscunque
359 1628 420 1668 illa
451 1628 607 1668 demum
642 1628 698 1668 fit.

260 1721 293 1769 §.
321 1729 362 1768 7.
397 1720 573 1762 Indubiae
603 1723 764 1763 veritatis
796 1732 836 1763 et
868 1722 980 1763 facilis
1012 1722 1275 1763 obseruationis
1307 1721 1358 1762 est

270 1783 310 1838 1)
343 1783 496 1824 Duabus
529 1785 647 1825 maffis
679 1788 800 1838 aqueis
847 1787 1055 1839 aequalibus
1101 1798 1214 1838 aeque
1246 1786 1370 1826 calidis
1417 1794 1456 1824 et

149 1846 346 1887 earundem
381 1845 648 1898 superficierum
682 1849 804 1886 eidem
839 1851 914 1888 a‘e‘ri
947 1848 1125 1901 frigidiori
1160 1849 1219 1887 vel
1262 1848 1457 1898 calidiori,

152 1921 262 1963 quam
297 1909 429 1949 massae
457 1921 571 1961 aquae
605 1909 702 1960 sunt,
734 1910 931 1962 expositis,
972 1921 1164 1964 Vtramque
1182 1907 1337 1951 maffam
1358 1921 1456 1950 tem-

151 1972 292 2026 periem
325 1973 419 2011 ae'ris
452 1972 591 2024 aequali
626 1982 796 2024 tempore
829 1975 1081 2014 obtenturam.

270 2035 312 2091 2)
344 2034 499 2075 Duabus
530 2034 738 2086 aequalibus
773 2035 894 2075 maliis
927 2048 1038 2088 aquae
1072 2049 1180 2090 aeque
1215 2036 1335 2076 calidis
1355 2068 1365 2087 ,
1400 2034 1458 2076 sed

153 2098 370 2139 diuersarum
404 2097 674 2150 superficierum
710 2098 835 2138 eidem
872 2100 948 2138 ae'ri
983 2098 1154 2152 frigidiori
1190 2100 1250 2139 vel
1303 2102 1458 2142 calidio-

156 2163 213 2214 ri,
247 2175 358 2214 quam
394 2161 468 2213 ipsa
502 2160 608 2210 sunt,
638 2160 843 2215 expositis,
877 2162 1035 2203 maffam
1070 2163 1271 2216 superficiei
1305 2166 1456 2205 maioris

218 2225 339 2265 Tom.
360 2223 411 2267 11.
433 2223 538 2265 Nou.
561 2221 787 2264 Comment.
1071 2224 1098 2268 S
1360 2237 1453 2266 tem-
