1971 2700
194 175 280 221 EX
282 176 479 224 PERIM.
521 173 600 219 DE
629 166 1066 216 COMPRESSIONE
1096 166 1270 218 AERIS
1335 180 1419 229 163

252 296 293 340 2)
326 281 377 330 In'
405 288 570 330 tubulum
600 287 666 343 fe
715 285 844 326 adac‘ta
878 284 929 324 est
960 285 1119 326 tinctura
1152 297 1201 326 ex
1230 286 1318 326 oleo
1334 295 1429 326 tere-

133 354 297 395 bintinae
330 364 366 393 ct
397 353 494 393 Iacca
525 350 740 390 Florentina
770 350 858 388 tritu
893 356 1019 401 parata
1050 359 1088 389 et
1120 348 1255 389 deinde
1289 349 1434 389 tubulus

132 419 281 458 vasculo
330 417 450 456 vitreo
479 413 544 455 ab
575 413 763 452 mercurio
813 412 978 464 impleto
1028 413 1227 453 immersus
1261 422 1302 452 et
1335 421 1436 452 totus

133 480 239 522 hicce
271 486 464 535 apparatus
494 476 642 516 cauitati
673 476 885 529 praedictae
916 476 1094 517 immissus
1142 476 1207 516 est.
1274 476 1366 532 Quo
1384 474 1435 515 fiz-

136 545 203 595 ᾂο
238 553 365 584 notata
394 541 446 582 est
477 539 655 585 ti116turae
686 540 786 580 circa
817 553 838 581 e
868 539 1063 593 stagnantis
1110 540 1269 582 altitudo
1304 540 1343 579 in
1376 547 1435 578 tu·

138 608 188 648 bo
219 605 364 663 cdef-

258 709 302 754 35
331 701 527 754 Cylindrus
577 701 719 753 ligneus
764 698 859 740 AB
906 712 995 740 cum
1045 699 1180 739 tnbulo
1230 700 1326 741 cde
1334 698 1370 754 f
1402 705 1442 738 et

140 768 286 808 vasculo
315 767 380 808 ab
412 765 514 806 dieto
553 766 675 804 modo
705 761 923 803 coniunctus
972 760 1159 802 immissus
1191 762 1244 801 est
1277 761 1442 800 bombae

142 831 316 871 diametri
347 844 374 880 9
408 829 485 883 dig.
518 828 642 870 Lond.
675 835 714 866 et
747 827 848 866 cuius
879 825 1092 879 capacitatis
1132 825 1321 866 diameter
1368 829 1445 862 erat

142 897 202 946 6,
237 906 273 933 1.
308 894 382 946 dig.
416 892 450 933 L
472 925 482 943 ,
513 893 675 934 minima
709 891 892 944 parietum
926 888 1098 930 craffities
1128 886 1148 927 I
1169 921 1180 939 ,
1220 901 1260 928 x.
1294 886 1371 938 dig.
1393 884 1443 924 L.

142 957 311 997 maxima
360 956 529 997 craffities
561 955 611 1007 1,
649 960 671 995 8
725 953 803 1007 dig.
852 951 901 994 L.
955 961 993 992 et
1041 959 1230 1005 apertarae
1281 948 1450 993 bombae

143 1020 324 1061 diameter
354 1018 407 1071 1,,
444 1030 467 1066 3
504 1020 578 1072 dig.
615 1017 662 1056 L.

261 1120 306 1166 4)
340 1115 426 1155 Hoc
460 1113 559 1154 Ειᾶο
580 1144 591 1164 ,
622 1113 761 1154 bomba
780 1126 872 1168 aqua
890 1111 1092 1165 temperiei
1114 1123 1183 1158 32-
1205 1124 1261 1165 gt.
1281 1103 1451 1153 Therml

148 1177 260 1219 Fahr.
294 1177 452 1228 impleta
485 1177 537 1215 est
556 1208 566 1225 ‚
600 1188 691 1227 quae
729 1188 797 1228 per
828 1177 969 1227 aliquot
1004 1175 1180 1214 horarum
1214 1173 1454 1214 interuallum

146 1241 223 1280 ae'ri
256 1240 374 1278 libero
406 1238 600 1290 tempenei
637 1240 706 1276 18.
740 1250 796 1290 gr.
833 1237 995 1278 Therm.
1032 1236 1062 1277 F
1067 1267 1074 1275 .
1109 1237 1280 1291 exposita
1311 1236 1453 1286 fuerat,

145 1310 184 1340 et
225 1300 494 1340 obturamento
534 1299 660 1352 ligneo
709 1301 844 1341 conico
884 1299 918 1341 C
936 1300 978 1341 D
998 1333 1008 1352 ,
1056 1300 1159 1341 cuius
1190 1301 1277 1341 bafis
1325 1299 1457 1340 minor

146 1363 259 1404 massa
292 1362 362 1403 fluia
388 1375 437 1402 ex
461 1362 700 1416 colophonio
718 1372 756 1403 et
772 1376 856 1404 cera
874 1363 1103 1416 illinebatur‚
1120 1376 1187 1418 per
1204 1362 1379 1406 malleum
1404 1361 1455 1403 sat

148 1427 292 1467 fortiter
325 1425 477 1479 percust)
509 1425 624 1466 clausa
655 1427 720 1467 est.
1588 1431 1591 1434 ⁴

211 1516 214 1520 -
269 1494 312 1537 5)
345 1488 496 1529 Deinde
530 1490 668 1530 bomba
698 1489 758 1530 sub
793 1491 884 1545 preli
917 1489 1128 1533 validiffimi
1169 1488 1204 1529 E
1237 1489 1268 1530 F
1298 1487 1455 1529 cochlea
1467 1487 1526 1525 1²³5·
1552 1488 1587 1516 ’ὁ

153 1553 246 1592 mari
281 1553 535 1592 collocabatur
553 1586 562 1604 ,
597 1554 695 1594 cuius
726 1554 881 1594 cochlea
911 1555 1077 1595 foemina
1110 1551 1359 1592 robustiffimo
1384 1550 1455 1591 fier-

155 1628 200 1654 to
232 1615 269 1655 H
288 1614 305 1654 Ι
326 1615 358 1654 K
377 1615 410 1654 L
444 1616 550 1655 incifa
582 1626 658 1656 erat
676 1650 687 1669 ‚
717 1617 819 1670 quod
852 1630 901 1657 ex
934 1627 1087 1670 Vtraque
1136 1624 1242 1668 parte
1292 1615 1460 1654 mentua-¹

157 1687 239 1717 tum
271 1690 357 1717 cum
400 1679 651 1719 robustiffimo
700 1680 1009 1734 parallelepipe'do
1043 1679 1164 1719 ferreo
1197 1677 1237 1718 H
1254 1675 1289 1716 L
1321 1676 1454 1717 cohae-

157 1742 274 1780 rebat.
338 1739 526 1780 Cochleae
560 1743 670 1781 maris
700 1743 883 1784 diameter
914 1753 991 1783 erat
1024 1747 1080 1792 42
1112 1742 1188 1794 dig.
1234 1739 1282 1780 L.
1325 1748 1363 1778 et
1402 1739 1460 1778 di-

159 1804 285 1843 stantia
315 1802 479 1842 helicum
512 1805 620 1842 vnius
651 1813 689 1842 et
721 1806 869 1845 dimidii
901 1807 977 1858 dig.
1011 1805 1059 1845 L.
1094 1804 1184 1844 haec
1216 1803 1327 1842 veste
1360 1815 1390 1850 4
1422 1808 1462 1839 et

163 1878 175 1907 3
210 1868 344 1917 pedem
379 1865 492 1917 longo
540 1867 854 1919 circumagebatur
901 1879 941 1908 et
993 1869 1043 1908 ita
1075 1867 1384 1906 obtutamcntum
1420 1865 1459 1905 in

159 1930 337 1970 bombum
373 1928 597 1979 adigebatur.

277 1989 320 2043 6)
354 1987 513 2030 Cautum
548 1992 700 2031 tandem
732 1992 846 2032 estne
864 1994 1013 2034 cochlea
1046 1993 1247 2034 eleuaretur
1279 1992 1460 2048 preffione

162 2066 276 2107 aquae
308 2053 582 2105 cmgelascentis
601 2085 613 2104 ,
647 2054 757 2093 vecte
790 2068 857 2107 per
889 2057 1038 2096 obicem
1074 2067 1231 2097 retento.

225 2116 426 2171 Expofitus
478 2117 607 2158 manfit
640 2126 743 2159 totus
775 2130 967 2172 apparatus
998 2132 1068 2175 per
1101 2134 1132 2171 4
1167 2120 1276 2161 horas
1307 2117 1384 2159 aeri
1418 2115 1462 2156 11-

755 2183 799 2222 X
837 2195 860 2221 2
1373 2180 1463 2220 bero
