1971 2700
318 195 406 241 EX
407 189 751 242 PERIMENTA
793 192 869 236 ET
903 188 1320 238 CONSECTARIA.
1389 207 1443 247 23
1456 208 1476 246 ς

169 308 324 352 siccatae
358 319 397 350 et
426 307 550 350 aridae
567 339 578 358 ,
609 304 726 347 caules
757 313 884 346 autem
917 304 1143 359 succulenti,
1173 314 1211 346 et
1245 305 1284 345 in
1326 305 1483 360 pristino

169 374 315 426 vigore.
351 375 390 415 V
392 373 425 414 1.
487 369 701 419 Radiculas,
733 370 909 423 quamdiu
943 369 1132 424 simplices
1163 368 1303 420 essent,
1334 368 1482 422 longio-

173 449 230 476 res
263 438 366 488 vidi,
397 447 507 490 quam
544 445 632 473 cum
662 432 1028 486 multiplicarentur,
1070 443 1181 487 atque
1223 445 1351 473 earum
1395 444 1479 485 par-

170 508 224 540 tes
265 500 415 541 infimas
454 497 649 552 putredine
678 496 861 538 absumtas
879 528 891 549 ,
922 506 965 538 vt
997 496 1059 539 his
1093 496 1312 540 secundariis
1350 495 1484 538 fierent

165 565 345 618 aequales.

471 653 967 735 Experementum
1010 651 1092 713 111.

318 773 434 816 Anno
468 783 603 825 1737.
638 774 675 814 d.
713 778 785 815 28.
821 773 990 827 Aprilis,
1024 771 1064 812 st.
1109 781 1149 812 v.
1192 778 1350 824 quatuor
1387 771 1480 812 vasis

164 837 369 890 fictilibus,
395 824 498 878 ¹&rra
535 837 684 892 repletis
702 869 712 888 ‚
758 845 869 891 atque
921 837 967 876 ad
1018 834 1188 875 fenestras
1236 833 1354 874 musei
1403 834 1482 873 mei

165 903 357 944 collocatis
376 933 387 954 ,
419 902 595 942 commisl
626 901 786 941 totidem
841 899 915 954 pisa
949 899 1042 941 sicca
1060 931 1071 950 ‚
1106 898 1197 938 bene
1251 896 1480 950 constituta3

162 965 224 1006 sed
260 965 421 1020 quotidie
462 966 611 1019 irrigaui
632 997 642 1016 ,
676 964 828 1004 modice
861 973 989 1003 tamen
1008 994 1019 1014 ,
1058 963 1216 1016 primum
1246 974 1310 1001 vas
1358 959 1482 1000 subfri-

167 1032 252 1081 gida
283 1028 464 1070 infusione
498 1029 699 1068 herbarum
733 1026 865 1066 Theae
885 1059 895 1078 ‚
928 1038 997 1078 qua
1030 1025 1200 1078 quolibet
1231 1035 1342 1063 mane
1360 1023 1406 1063 ad
1425 1022 1480 1063 bi-

168 1092 330 1132 bendum
366 1091 490 1144 paullo
522 1101 608 1131 ante
641 1089 720 1130 vsus
752 1102 891 1142 eramg
917 1088 1110 1138 secundum
1151 1087 1281 1140 laste3
1331 1088 1480 1127 tertium

164 1156 268 1195 Vrina
304 1166 391 1194 mea
411 1185 422 1202 ‚
457 1154 570 1206 sana;
603 1159 776 1206 quartum
807 1152 969 1203 denique
1002 1161 1094 1204 aqua
1128 1162 1220 1203 pura
1254 1149 1357 1189 fluuii
1394 1150 1477 1190 Ne-

162 1228 245 1256 uae.
311 1215 416 1254 Haec
448 1224 609 1267 quatuor
639 1213 803 1266 pisorum
837 1212 977 1253 semina
1006 1213 1192 1253 diuersam
1222 1211 1305 1252 sane
1334 1224 1384 1253 ex
1409 1211 1480 1254 hac

159 1277 299 1317 diuersa
331 1277 542 1330 irrigatione
572 1276 754 1317 senserunt
785 1275 939 1317 sortem.
1005 1276 1176 1318 Primum
1224 1275 1330 1317 enim
1381 1288 1447 1318 vas
1465 1308 1479 1329 ,

159 1340 340 1382 infusione
357 1340 490 1381 Theae
508 1341 702 1394 irrigatum
722 1374 735 1393 ‚
753 1339 910 1382 herbam
930 1340 1113 1394 produxit
1139 1340 1297 1381 feliciter
1312 1340 1474 1381 cresten-

161 1412 242 1444 tem
263 1437 274 1456 ,
303 1416 355 1444 ex
387 1417 460 1458 qua
490 1405 528 1445 d.
571 1416 624 1443 10
665 1403 822 1458 Augusti
872 1404 1041 1445 eiusdem
1090 1404 1177 1445 anni
1209 1402 1278 1444 alia
1329 1414 1476 1447 matura

163 1465 302 1508 semina
333 1466 498 1522 suscepi3
532 1467 593 1508 sed
626 1467 737 1509 simul
769 1466 958 1508 obseruaui
977 1500 989 1519 ,
1022 1468 1125 1507 iuxta
1155 1466 1250 1507 hanc
1284 1466 1351 1520 pisi
1371 1467 1475 1520 plan-

163 1537 275 1582 tam,
305 1543 353 1571 ex
385 1533 519 1572 eadem
551 1542 647 1571 terra
666 1564 678 1584 ‚
711 1531 750 1571 in
782 1533 924 1572 eodem
957 1532 1044 1571 vase
1064 1562 1076 1582 ,
1109 1531 1232 1571 varias
1263 1529 1350 1570 alias
1368 1528 1477 1584 plan-

165 1593 257 1634 tulas
286 1596 481 1646 productas
512 1594 641 1647 fiiiffe,
673 1607 763 1649 quas
803 1607 899 1636 vero
947 1594 995 1634 ad
1046 1594 1356 1648 promouendnm
1406 1594 1474 1646 pisi

165 1657 441 1698 incrementum
461 1692 471 1711 ‚
507 1657 650 1711 semper
697 1668 844 1699 teneras
891 1657 1011 1699 adhuc
1060 1658 1220 1698 euellere
1268 1654 1473 1697 consultum

164 1719 279 1772 scopo
313 1733 399 1760 meo
431 1723 535 1762 duxi.
600 1721 815 1762 Secundum
848 1734 914 1762 vas
933 1754 943 1774 ‚
973 1721 1069 1762 lafte
1103 1720 1285 1774 perfusum
1305 1751 1316 1770 ,
1352 1720 1474 1760 osten-

167 1782 223 1822 dit
256 1783 384 1835 primo
417 1793 557 1823 terram
587 1785 653 1824 fitu
688 1794 726 1823 et
763 1796 917 1824 mucore
945 1785 1111 1837 quodam
1148 1783 1349 1823 obductam
1372 1814 1381 1831 ,
1401 1796 1475 1835 po-

167 1845 242 1886 stea
277 1846 463 1885 vermibus
496 1846 701 1898 repletam,
732 1856 770 1885 et
802 1847 965 1899 denique
981 1848 1074 1887 duro
1092 1847 1228 1886 cortice
1246 1845 1473 1898 obductam,

166 1908 239 1949 fine
271 1907 380 1947 vllius
422 1908 597 1948 herbulae
650 1909 913 1961 prodnc‘tione.
997 1909 1174 1949 Tertium
1227 1920 1320 1960 vas,
1371 1909 1476 1949 vrina

168 1971 421 2012 madcfiustum
443 2003 452 2021 ‚
485 1972 576 2011 nihil
609 1981 754 2026 praeter
786 1973 962 2012 ordinem
997 1971 1244 2023 monstrauit,
1278 1971 1336 2012 sed
1370 1972 1475 2012 steri-

165 2036 197 2075 le
230 2035 375 2075 mansrt.
441 2032 630 2090 Quartum'
658 2034 843 2087 denique,
878 2035 977 2088 quod
1012 2048 1144 2089 aquam
1188 2047 1322 2088 puram
1371 2048 1471 2076 acce-

166 2101 254 2152 pit,
288 2097 416 2138 herbas
446 2109 483 2137 et
516 2097 653 2138 semina
701 2097 895 2150 produxit.
977 2099 1071 2139 Alio
1122 2108 1300 2152 tempore
1350 2099 1473 2140 fiibnm

166 2162 355 2203 maiorem
376 2194 387 2215 ‚
418 2161 513 2203 intra
544 2170 655 2202 terras
687 2160 865 2213 sepultam
889 2194 900 2214 ‚
933 2161 1060 2218 spiritu
1093 2163 1172 2204 vini
1212 2162 1346 2217 gallico
1381 2175 1475 2215 quo-

694 2222 731 2265 G
758 2237 784 2277 g
819 2237 843 2263 2
1381 2225 1473 2264 tidie
