1971 2700
464 154 556 205 462
748 146 1078 196 METHCDVS
1112 145 1487 192 OBSERVANDI

463 269 808 315 remotissimorum
842 271 879 310 in
915 270 984 311 situ
1035 268 1162 322 capilli
1197 266 1235 310 G
1255 266 1289 310 C
1321 267 1367 308 ad
1399 267 1576 308 diurnum
1627 266 1797 310 maculae

466 337 682 392 parallelo,
725 347 768 375 vt
804 334 1011 375 innotescat
1066 333 1241 372 celeritas
1290 332 1421 373 Lunae
1457 333 1495 372 in
1527 333 1667 372 diurno
1717 332 1797 372 eius

473 402 631 442 durante
664 400 1017 453 eclipliobtinens.
1088 397 1174 437 Post
1211 397 1302 438 haec
1341 398 1406 438 vbi
1446 409 1589 438 cornua
1640 394 1801 450 phaseos

468 479 490 506 a
525 465 593 505 situ
625 464 670 504 ad
703 463 858 503 diurnos
890 462 1090 502 mobilium
1138 461 1317 516 parallelo
1366 460 1585 502 sensibiliter
1634 460 1796 501 declina-

470 530 602 568 verint
623 560 634 578 ,
677 527 906 581 incipiantur
957 525 1239 566 obtem—,itiones
1290 525 1464 579 phafium
1517 525 1799 577 crescentium,

470 593 612 632 eodem
649 591 771 631 modo
808 602 889 645 quo
941 589 1045 644 supm
1099 589 1229 642 phales
1278 589 1530 631 decrescentes
1581 587 1799 630 obseruatae

471 658 554 696 sunt
578 686 590 705 ‚
624 656 970 708 contimienturque
1001 654 1047 694 ad
1077 652 1196 694 finem
1233 666 1350 708 vsque
1401 654 1586 707 eclipseos
1605 687 1616 705 ,
1667 662 1705 693 et
1737 651 1801 693 ab·

471 720 591 761 soluta
624 721 696 761 erit
732 719 943 760 obseruatio
985 718 1155 772 pliasium
1197 718 1380 772 eclipseos
1431 717 1590 758 Lunaris
1639 715 1805 760 chorda-

473 798 634 838 rumque
667 784 936 838 tlesectiuzuum
960 793 998 822 et
1034 782 1268 836 positionum
1303 783 1507 822 earundem
1543 784 1589 822 ad
1622 782 1803 821 diurnum

473 847 608 890 Lunae
643 849 691 889 ab
722 850 950 901 obseruatore
978 850 1114 902 primo.
1147 845 1343 887 Praeterea
1392 847 1608 888 durantibus
1642 845 1700 886 his
1733 844 1808 885 ob·

474 912 747 953 seruationibus
781 913 951 966 pharium
988 911 1156 951 iubeatur
1191 923 1287 952 vnus
1320 910 1450 953 socius
1481 912 1576 952 tubo
1596 922 1686 951 cum
1707 908 1809 950 siste·

475 987 580 1018 mate
631 977 861 1031 capillorum
916 975 1021 1028 supra
1057 975 1150 1023 §gvo
1184 974 1373 1029 descripto
1407 974 1604 1016 instructus
1630 975 1808 1014 obserua-

476 1054 517 1081 re
551 1042 635 1082 loca
678 1041 806 1084 Lunae
840 1041 1009 1093 relpec‘tu
1062 1039 1274 1093 aequatoris
1311 1038 1432 1080 modo
1464 1039 1504 1080 in
1527 1039 1664 1079 eodem
1684 1038 1775 1088 §9vo
1796 1069 1809 1091 ‚

478 1105 539 1144 seu
575 1106 613 1143 in
650 1106 783 1158 §§pliis
821 1110 917 1144 10020
948 1117 987 1145 et
1027 1110 1122 1142 12'''⁰
1155 1103 1377 1158 descripto,
1409 1103 1704 1157 quotiescunque
1738 1102 1812 1142 ob-

479 1168 734 1209 seruationem
772 1168 870 1208 sinam
906 1179 1077 1220 repetere
1111 1167 1250 1221 potest.
1317 1167 1430 1210 Alter
1460 1179 1550 1208 vero
1582 1167 1707 1208 Socius
1743 1177 1813 1220 pet·

482 1231 734 1286 quadrantem
772 1235 808 1271 in
843 1232 977 1284 gradus
1011 1231 1093 1270 suos
1125 1231 1381 1284 graduumque
1414 1241 1539 1284 partes
1569 1229 1816 1283 sexagesimus

484 1294 622 1336 exacte
655 1295 813 1334 diuisum
834 1326 844 1345 ,
878 1305 918 1334 et
949 1294 995 1333 ad
1015 1294 1231 1334 altitudines
1248 1303 1419 1335 accurate
1435 1293 1681 1334 obser-ualidas
1699 1306 1813 1334 corn-

483 1358 653 1414 positum
675 1390 686 1409 ,
722 1359 860 1398 eodem
898 1368 1076 1410 tempore
1115 1355 1286 1397 obsemet
1337 1369 1408 1411 per
1442 1357 1578 1409 singula
1630 1359 1699 1397 tria
1749 1358 1813 1398 vel

485 1435 646 1478 quatuor
680 1424 830 1463 minuta
865 1423 1052 1474 temporis
1085 1421 1296 1462 altitudxnec,
1333 1420 1441 1461 limbi
1478 1420 1651 1461 luminosi
1686 1419 1819 1462 Lunae

488 1487 662 1528 notando
696 1489 844 1540 semper
879 1496 1031 1540 tempus
1062 1485 1332 1526 obseruationis
1366 1484 1460 1526 suae.
1498 1485 1720 1525 Praesertim
1755 1497 1819 1526 au·

490 1562 574 1593 tem
607 1562 711 1592 curet
744 1563 828 1592 eam
863 1550 1103 1590 altitudinem
1124 1582 1135 1602 ‚
1166 1549 1193 1591 si
1226 1549 1405 1604 possibilis
1434 1548 1498 1600 sit,
1532 1561 1647 1603 quam
1669 1561 1820 1590 accum-

489 1615 627 1657 tiffime
644 1615 806 1667 sumere,
824 1625 1146 1668 momentumque
1165 1615 1332 1655 ciusdem
1353 1624 1535 1654 annotare
1552 1646 1562 1663 ,
1579 1625 1692 1667 quam
1714 1612 1822 1654 Luna

491 1680 608 1722 habet
641 1680 814 1721 cornibus
847 1678 1001 1733 phaseos
1035 1680 1072 1718 in
1107 1679 1175 1719 situ
1207 1679 1254 1718 ad
1274 1678 1524 1719 horizontem
1549 1677 1822 1717 verticaliexi-

493 1745 675 1786 flentibus
695 1776 706 1796 ,
740 1745 804 1784 vel
834 1744 987 1797 quando
1021 1755 1165 1783 cornua
1200 1742 1355 1797 phaseos
1396 1754 1417 1782 a
1453 1741 1596 1794 capillo
1649 1742 1819 1782 verticali

493 1810 532 1850 in
569 1810 664 1849 tubo
697 1809 908 1862 quadrantis
960 1806 1117 1847 extenso
1168 1806 1277 1848 simul
1315 1807 1390 1860 tegi
1445 1805 1606 1860 possunt.
1675 1805 1823 1861 Quodsi

494 1884 622 1914 autem
657 1873 873 1913 huiusmodi
909 1872 1050 1922 positio
1083 1883 1269 1912 cornuum
1304 1872 1350 1911 ad
1372 1871 1617 1910 horizontem
1640 1869 1676 1909 in
1694 1869 1825 1924 eclipst

497 1947 702 1990 apparente
723 1937 960 1990 impoffibilss
993 1937 1064 1986 sit,
1099 1936 1235 1976 eadem
1270 1935 1481 1975 attentione
1513 1942 1616 1972 curet
1649 1946 1733 1972 eam
1771 1936 1825 1975 al-

498 2002 701 2040 titudinem
752 2002 978 2052 obseruare,
1029 2009 1351 2051 momentumque
1396 1990 1564 2036 eiusdem
1617 2007 1827 2040 annotant-z

501 2076 613 2117 quam
625 2063 732 2103 Luna
755 2064 866 2103 habet
883 2064 1060 2104 cornibus
1081 2062 1237 2116 phastos
1256 2062 1364 2102 litum
1384 2061 1585 2102 horizonti
1608 2061 1826 2113 parallelum

502 2127 745 2178 hal-entibus,
765 2128 825 2167 vel
846 2129 995 2180 quaiido
1012 2139 1148 2166 comua
1172 2125 1325 2179 phase-os
1343 2138 1361 2165 a
1382 2126 1522 2180 capillo
1540 2125 1619 2165 tubi
1647 2125 1827 2168 horizon-

503 2192 566 2234 tali
585 2191 694 2235 fimul
727 2192 803 2246 tegi
845 2189 1010 2246 pmsunt.
1043 2189 1084 2232 Si
1119 2190 1212 2232 haec
1232 2191 1363 2237 omnia
1383 2190 1505 2246 probe
1532 2189 1726 2231 obseruata
1751 2190 1827 2231 flie-

1720 2255 1795 2295 rint
1814 2287 1826 2308 ,
