1971 2700
512 178 610 211 200
705 163 792 212 DE
823 158 1189 210 BAROMETRO
1209 193 1223 215 ,
1253 153 1426 205 CVIVS
1457 154 1647 208 SCALA

638 281 681 340 5)
711 278 1076 335 Parallelepipedum
1109 277 1142 318 F
1165 276 1202 317 H
1235 276 1274 317 in
1307 275 1376 317 situ
1407 274 1634 317 horizontali
1683 278 1842 320 retinea-

516 358 578 390 tur
609 357 648 388 et
680 346 893 388 obieruetut
935 356 982 384 an
1015 355 1108 396 aqua
1157 341 1369 382 incisionem
1409 355 1444 392 y
1463 351 1566 382 zon
1597 340 1635 380 in
1667 341 1748 382 vase
1782 342 1844 384 W

519 412 664 455 fictam
694 412 872 464 attingat.
938 405 982 448 Si
1016 405 1191 447 nondum
1225 406 1395 461 attingit,
1432 404 1493 445 vel
1529 402 1747 446 subducatur
1779 406 1845 450 vel

517 475 729 517 affundatur
761 471 897 526 aliquid
931 481 1058 524 aquae.

636 541 686 589 6)
718 536 808 578 Hoc
841 534 943 576 sacto
977 533 1333 590 parallelepidedum
1386 533 1452 574 fibi
1485 532 1709 588 relinquatur
1728 565 1740 587 ,
1788 535 1846 577 al:-

518 602 666 646 scendet
686 634 697 654 ,
761 599 824 640 vel
881 597 1095 640 descendet.
1190 596 1233 640 Si
1293 599 1470 654 posterius
1535 598 1684 639 obtinet
1746 611 1843 654 pon-

519 668 608 709 dera
639 665 720 707 sunt
753 663 955 707 adimenda
988 675 1039 704 ex
1072 663 1156 704 stilo
1175 695 1186 714 ‚
1220 673 1259 704 et
1291 663 1451 704 altitudo
1487 662 1734 703 barometrica
1777 665 1849 705 erit

521 733 648 773 maior
680 728 826 772 mediae
858 727 1073 783 propinqua
1104 725 1162 783 (§.
1189 725 1298 784 15),
1347 728 1373 769 si
1407 728 1508 781 prius
1526 760 1536 780 ,
1571 727 1740 782 pondera
1771 726 1850 768 sunt

522 794 693 837 addenda
725 804 764 834 et
794 792 954 834 altitudo
989 792 1242 834 barometrica
1273 793 1343 832 erit
1375 794 1505 832 minor
1558 791 1707 832 mediae
1759 803 1854 846 pro-

525 859 664 915 pinqua
696 866 836 900 notata.
905 855 995 897 Hoc
1028 859 1142 898 etiarn
1173 869 1224 897 ex
1259 857 1479 897 baromctro
1511 856 1675 910 simplici
1707 855 1857 898 adhibi·

522 931 569 966 to
601 921 852 977 cognoscitur.
918 918 1003 974 Ipsa
1037 920 1194 962 altitudo
1228 932 1319 961 vero
1348 922 1536 962 inuenitur
1569 919 1638 961 sec.
1675 921 1710 969 ς.
1751 923 1821 960 16.

611 1045 818 1109 Librae
859 1044 1269 1105 barometricae
1319 1041 1596 1104 secundae
1639 1064 1774 1104 con-

1085 1128 1325 1190 structio,

364 1271 478 1312 rignei
651 1264 783 1315 §.19.
817 1261 944 1304 Potest
978 1259 1247 1303 Barometrum
1291 1259 1457 1314 simplex
1508 1260 1547 1301 A
1567 1258 1600 1300 B
1620 1258 1654 1300 C
1675 1260 1717 1303 D
1752 1261 1862 1303 simili

533 1328 682 1371 ratione
716 1331 754 1369 in
791 1326 1104 1381 parellelepipedo
1138 1326 1244 1379 super
1275 1337 1345 1364 axe
1368 1324 1600 1377 acquilibmri
1641 1326 1866 1377 ponderibus

532 1394 630 1434 lanei
665 1388 705 1432 G
740 1391 928 1445 impositis
958 1400 997 1430 ct
1032 1403 1099 1444 per
1132 1390 1259 1430 obices
1293 1388 1331 1429 H
1367 1398 1404 1428 et
1439 1388 1472 1428 Κ
1517 1388 1709 1428 immobili
1761 1388 1865 1430 fiilci-

536 1466 671 1499 mento
703 1455 840 1497 affixos
871 1454 1024 1494 retineri
1044 1487 1054 1505 ,
1088 1454 1115 1495 si
1150 1467 1170 1494 a
1204 1454 1298 1493 linea
1343 1450 1569 1492 horizontali
1599 1464 1732 1504 parum
1766 1464 1865 1493 rece-

536 1522 600 1563 dat
644 1521 789 1575 pondus
828 1521 942 1560 etiam
996 1519 1172 1559 mercun'i
1205 1519 1243 1558 in
1295 1528 1362 1557 vas
1394 1515 1499 1557 DD
1532 1515 1677 1556 fluentis
1728 1526 1765 1557 ct
1816 1528 1867 1557 ex

538 1584 623 1625 vase
658 1581 696 1624 G
718 1583 759 1625 D
792 1585 828 1624 in
864 1596 930 1623 vas
962 1583 999 1622 A
1021 1581 1055 1622 Β
1101 1582 1332 1624 recondentis
1381 1580 1586 1632 inuestigari
1638 1581 1867 1633 ponderibus

541 1661 591 1689 ex
623 1649 729 1690 lance
760 1646 799 1689 G
835 1647 895 1686 vel
929 1645 1110 1687 subductis
1142 1646 1201 1688 vel
1233 1645 1358 1688 eidem
1380 1644 1588 1699 impositis,
1624 1644 1784 1699 hincque
1818 1644 1871 1686 al-

542 1712 666 1756 titudo
697 1711 948 1755 barometrica
981 1710 1142 1752 definiri.

661 1803 700 1851 5.
726 1822 798 1850 20.
835 1809 1082 1851 Retineantur
1124 1808 1251 1848 litcmc
1299 1807 1354 1858 b,
1398 1819 1455 1856 a,
1500 1819 1555 1860 n,
1607 1806 1752 1848 valores
1793 1818 1876 1848 eos·

546 1876 637 1917 dem
670 1876 931 1927 exprimentes
965 1881 1004 1912 ct
1038 1881 1201 1927 ponatur
1230 1885 1260 1913 x
1293 1872 1480 1912 volumen
1517 1870 1688 1911 mercurii
1730 1882 1778 1910 cx
1812 1883 1902 1911 va·-

550 1941 587 1979 se
621 1938 663 1979 D
684 1937 726 1979 D
759 1939 797 1978 in
831 1939 869 1977 A
889 1934 924 1976 B
958 1938 1194 1987 recedentis,
1230 1936 1291 1976 vel
1324 1947 1373 1975 ex
1409 1935 1445 1973 Α
1465 1932 1498 1972 Β
1532 1934 1569 1971 in
1603 1944 1666 1972 vas
1684 1932 1785 1974 DD
1805 1934 1875 1976 flu-

552 2004 651 2041 entis
669 2035 679 2054 ,
713 2013 750 2043 ct
784 2011 942 2055 ponatur
971 2014 992 2043 c
1024 2002 1263 2041 altitudinem
1307 1996 1600 2039 barometricam
1642 1999 1877 2053 primitiuam

550 2066 775 2120 exprimere
797 2098 806 2115 ‚
838 2066 909 2103 crit

746 2137 869 2198 c—}
903 2167 940 2174 “““
973 2137 1005 2198 1}
1036 2156 1092 2183 Z
1123 2158 1144 2187 c
1177 2167 1217 2176 “
1252 2156 1277 2184 n
1297 2177 1307 2196 ν

1754 2207 1878 2251 conse-
