1971 2700
522 191 602 232 DE
630 190 831 233 BESTHS
865 190 1129 234 MARINIS.
1383 213 1405 248 3
1417 210 1468 248 25

183 305 385 358 impetuose
417 304 510 344 circa
542 302 624 342 fiixa
667 303 853 342 ventilatis
903 302 1072 356 impliciti
1120 302 1210 343 laxis
1260 303 1474 359 illiduntur,

184 369 323 420 hyeme
354 368 447 409 adeo
495 367 692 406 macilenta
723 367 802 405 lunt
870 365 960 406 haec
1001 366 1173 406 animalia
1195 398 1206 418 ‚
1257 377 1301 406 vt
1332 380 1477 421 praeter

182 433 320 485 spinam
353 430 446 470 dorsi
478 441 606 469 omnes
636 429 756 468 costae
797 440 1011 482 appareant.
1093 429 1244 470 Vernali
1297 441 1476 485 tempore

183 507 292 535 more
325 493 487 534 humano
519 496 680 542 coeunt,
712 505 754 531 ac
785 494 982 546 praecipue
1015 494 1110 533 circa
1144 492 1336 545 vesperam
1378 503 1476 534 tran-

181 558 296 611 quillo
329 557 450 606 mari,
481 565 679 608 antequam
714 568 803 596 vero
834 559 1146 609 congrediuntur,
1174 557 1357 608 piacludia
1375 559 1476 598 rnul-

181 631 218 660 ta
250 632 402 660 venerea
435 620 674 671 praemittunt
694 650 704 669 ,
737 619 908 659 soemella
942 621 1081 672 placide
1114 629 1211 659 natat
1242 620 1329 660 hinc
1360 631 1397 660 et
1414 621 1476 661 in·-

181 688 228 724 de
261 684 298 722 in
327 682 447 733 mari,
481 695 560 721 mas
593 694 681 721 vero
731 683 876 735 semper
923 682 1102 735 sequitur,
1155 683 1253 722 hunc
1303 683 1474 724 foemella

182 756 260 786 tam
291 747 350 787 diu
385 745 511 785 multis
559 746 658 797 gyris
689 754 727 784 et
759 745 965 784 maeandris
999 745 1114 783 eludit
1133 777 1143 795 ‚
1175 746 1294 784 donec
1343 759 1474 786 morae

180 810 362 849 vlterioris
394 808 466 860 ipla
499 810 697 860 impatiens
730 808 828 847 velut
860 805 1027 847 delaffata
1061 819 1102 846 ac
1132 806 1259 846 coac'ta
1278 807 1313 846 se
1332 808 1368 846 in
1387 809 1475 847 dor-

179 871 256 912 sum
290 871 496 924 resupinet,
528 884 603 924 quo
635 871 733 911 facto
767 883 846 910 mas
879 869 1008 909 furiose
1049 869 1303 923 superueniens
1348 870 1474 910 libidi-

180 937 233 975 nis
265 936 439 975 tributum
474 935 610 985 soluit,
647 948 688 974 ac
720 935 835 973 ambo
865 934 902 973 in
937 942 1087 972 mutuos
1117 932 1315 985 amplexus
1348 943 1470 973 ruunt.

179 996 341 1051 Captura
360 998 502 1038 illorum
535 1010 673 1049 magno
705 996 818 1036 ferreo
850 1008 950 1036 vnco
969 997 1227 1048 peragebatur,
1247 996 1474 1049 cuiu'scuspis

179 1073 332 1100 ancorae
365 1061 538 1112 spatulam
571 1059 752 1099 referebat
771 1091 781 1110 ‚
814 1060 927 1099 altera
959 1060 1175 1097 extremitas
1196 1059 1382 1097 mediante
1402 1059 1474 1098 fer-

178 1136 242 1162 reo
291 1124 425 1162 annulo
474 1123 547 1161 fimi
598 1123 803 1173 praelongo
835 1134 877 1159 ac
910 1120 1035 1158 valido
1085 1119 1323 1170 alligabatur,
1374 1119 1473 1161 hunc

177 1196 317 1224 vncum
352 1183 515 1221 sumebat
550 1185 605 1221 vir
622 1183 811 1232 robustus,
846 1193 888 1220 ac
923 1194 996 1221 vna
1029 1193 1116 1220 cum
1150 1195 1192 1230 4.
1225 1191 1285 1221 aut
1319 1192 1359 1230 5.
1395 1183 1473 1223 aliis

172 1247 352 1296 cymbam
386 1244 677 1295 conscendebat,
713 1254 752 1284 et
781 1245 877 1284 lente
911 1256 988 1284 vno
1023 1253 1169 1284 tenente
1187 1245 1474 1297 gubernaculum

175 1318 213 1354 3.
250 1317 311 1348 aut
345 1323 375 1358 4
429 1308 693 1360 remigantibus
723 1308 944 1361 properabat
976 1307 1021 1347 ad
1056 1319 1221 1360 gregem.
1284 1308 1474 1349 Percuffor

173 1371 285 1410 flabat
303 1372 337 1409 in
357 1383 467 1423 prora
486 1403 497 1421 ,
530 1383 667 1410 vncum
702 1383 815 1410 manu
849 1371 1025 1420 tenebat,
1058 1384 1170 1423 quam
1206 1372 1369 1424 primum
1403 1383 1472 1410 ve·

175 1445 216 1471 ro
234 1435 326 1473 adeo
344 1446 465 1486 prope
499 1444 576 1473 erat
597 1467 608 1485 ,
641 1444 685 1473 vt
718 1446 740 1472 e
774 1434 909 1484 cymba
941 1435 1044 1472 ferire
1076 1431 1198 1485 poffet
1218 1466 1228 1485 ‚
1263 1433 1468 1487 seriit‚quo

173 1494 273 1535 faCto
308 1507 381 1543 30.
419 1498 490 1536 viri
522 1499 557 1537 in
589 1498 700 1536 litore
734 1497 889 1547 stantes,
937 1496 1052 1536 altera
1091 1495 1185 1535 funis
1232 1498 1470 1537 extremitate

176 1569 321 1610 arrepta
352 1561 488 1601 animal
520 1561 722 1611 tenebant,
756 1570 795 1599 et
829 1560 926 1599 inter
959 1560 1094 1599 anxios
1123 1558 1305 1599 resistendi
1355 1571 1471 1599 cona-

177 1630 233 1660 tus
264 1634 397 1674 magno
429 1624 556 1664 labore
590 1625 634 1664 ad
666 1624 749 1664 litus
779 1623 967 1662 trahebant
987 1654 998 1673 ,
1034 1622 1090 1674 qui
1129 1634 1224 1661 vero
1256 1623 1294 1661 in
1332 1622 1471 1672 cymba

177 1695 278 1723 erant
310 1686 381 1725 alio
414 1686 499 1726 fune
532 1686 563 1725 se
596 1686 827 1736 firmabant,
860 1698 902 1725 ac
933 1685 1069 1725 animal
1109 1685 1292 1724 continuis
1342 1685 1473 1725 ictibus

177 1746 268 1784 adeo
301 1746 562 1798 defatigabant,
593 1750 713 1788 donec
745 1749 915 1789 lassatum
950 1759 986 1788 et
1020 1749 1188 1800 quietum
1221 1749 1366 1800 penitus
1402 1761 1471 1799 pu-

176 1809 370 1860 gi‹)nibuS‚
404 1810 522 1849 cultris
569 1822 611 1848 ae
645 1812 753 1850 variis
781 1812 894 1850 armis
934 1811 1176 1849 conficeretur
1227 1820 1264 1849 et
1298 1812 1334 1848 in
1378 1822 1469 1848 con-

176 1880 359 1910 tenentem
379 1872 594 1911 traheretur.
659 1874 819 1928 Quidam
854 1885 875 1911 e
894 1874 982 1912 viuo
1013 1873 1159 1912 animali
1178 1874 1342 1925 ingentia
1368 1872 1471 1912 stusta

177 1931 429 1973 exscindebant
450 1967 460 1983 ,
491 1947 606 1973 omne
640 1938 738 1987 quod
771 1936 908 1975 animal
957 1935 1086 1986 agebat
1135 1936 1223 1975 illud
1272 1944 1377 1986 erat,
1426 1943 1469 1974 vt

177 1997 330 2035 caudam
365 1996 604 2045 vehementer
635 1998 794 2037 vibraret
812 2031 822 2048 ‚
857 1998 1099 2037 anterioribus
1130 1998 1282 2038 brachiis
1299 1998 1393 2037 adeo
1411 2011 1467 2037 re-

176 2060 352 2098 niteretur
372 2091 382 2108 ,
415 2070 454 2098 vt
486 2059 584 2111 saepe
618 2061 780 2112 ingentia
812 2060 988 2099 cuticulae
1021 2060 1125 2100 frusta
1167 2061 1378 2109 desilirent,
1413 2062 1468 2100 in-

175 2119 281 2175 super
312 2121 429 2162 valide
462 2132 500 2162 et
529 2123 630 2164 velut
661 2135 747 2163 cum
789 2124 934 2177 gemitu
974 2123 1160 2178 spirabat,
1193 2136 1213 2164 e
1245 2122 1349 2165 dorso
1385 2123 1467 2162 vul-

732 2185 758 2229 ὅ
792 2199 808 2226 5
845 2199 868 2235 3
1338 2194 1466 2226 ner-ato
