1971 2700
484 216 707 270 »ξεῖξξ-ιξι·
745 227 774 256 ο
806 216 1037 268 ··ξ»·.ξξ·ιξ··
1344 224 1426 265 2⁵7

236 323 743 388 OBSERVATIO
797 318 1313 381 ANATOMICA

138 414 385 459 MVSCVLI
438 413 502 456 IN
535 410 791 454 PECTORE
823 405 1408 453 PRAETERNATVRALIS

271 480 346 523 ET
377 476 534 522 VARII
564 475 628 519 IN
664 474 917 518 DIVERSIS
952 470 1297 518 CORPORIBVS

639 539 900 582 INVENTI.

671 598 865 630 merom:

511 643 614 690 Abr.
647 644 765 688 Kaau
796 642 1035 688 Boerhaave.

123 782 372 899 Vefflffls,
412 788 590 842 castigans
629 783 821 828 Galenum
854 794 1143 828 enumerantem
1179 784 1431 827 musculorum

256 854 447 896 thoracem
482 852 723 893 mouentium
760 853 931 905 quintum
951 884 963 903 ,
1009 850 1130 890 afferit
1150 881 1162 902 ‚
1214 850 1318 890 illum
1361 846 1434 888 effe

123 917 274 961 musculi
303 918 395 959 teeti
426 916 636 958 abdominis
667 925 814 970 partem
848 914 886 954 in
918 914 1097 965 canibus,
1129 915 1167 954 in
1205 913 1318 954 fimiis
1348 923 1435 951 cau·
1519 937 1523 940 -

122 983 244 1035 datis,
276 980 421 1035 semper
459 980 724 1021 inueniendam
745 1010 757 1030 ,
797 978 842 1017 ad
877 979 1043 1032 primam
1096 977 1170 1018 fiue
1219 976 1435 1029 supremam

121 1045 282 1087 thoracis
348 1044 491 1084 costam
561 1041 847 1082 adscendentem
866 1073 877 1091 ,
946 1053 1061 1095 quam
1116 1041 1154 1080 in
1213 1038 1436 1079 hominibus

122 1108 189 1148 fibi
224 1120 408 1160 nunquam
441 1106 672 1146 obseruatum
693 1138 704 1156 ‚
738 1104 870 1144 fatetur
901 1102 978 1157 (a).
1045 1100 1182 1143 Galeni
1212 1111 1338 1142 tamen
1379 1101 1437 1142 in-

122 1171 314 1224 telligendi
350 1170 469 1222 gratia
489 1201 499 1219 ‚
531 1166 687 1207 musculi
720 1166 825 1205 huius
855 1166 1103 1219 propaginem
1136 1163 1294 1204 exhibet
1328 1163 1436 1219 filpra

123 1233 280 1275 humani
331 1231 501 1283 corporis
532 1229 662 1281 peetus
710 1228 928 1281 exporrersti
949 1262 959 1281 ‚
991 1238 1037 1268 vt
1065 1238 1253 1269 caeterum
1286 1228 1324 1268 in
1357 1229 1435 1269 ani-

123 1296 280 1336 malibus
312 1293 505 1332 inuenerat
555 1289 659 1346 (b).·
712 1302 878 1332 monens
910 1292 1047 1345 simul,
1095 1291 1166 1333 sele
1198 1292 1365 1334 eiusdem
1398 1292 1437 1333 in

121 1357 276 1397 homine
318 1355 497 1395 naturales
531 1354 670 1396 limites
717 1355 852 1395 dedisse
901 1356 1025 1397 tabula
1058 1356 1237 1410 proxime
1287 1365 1438 1397 antece-

122 1421 233 1460 dente
268 1416 352 1474 (c).
423 1419 489 1460 Est
522 1429 647 1459 autem
682 1417 788 1458 huius
821 1419 964 1460 ibidem
1015 1421 1122 1459 vnica
1144 1453 1154 1472 ‚
1174 1421 1245 1460 lata
1265 1417 1404 1472 ,craffa
1424 1450 1437 1472 ‚

123 1495 239 1535 eaque
273 1492 349 1523 tota
382 1494 510 1523 carnea
531 1515 542 1534 ,
578 1483 729 1522 insertio
760 1483 985 1535 cartilaginis
1016 1481 1143 1522 costae
1194 1484 1316 1522 sextae
1351 1494 1439 1536 par·

125 1545 156 1584 ti
188 1546 388 1595 anteriori,
424 1547 468 1586 ad
504 1547 712 1599 marginem
743 1546 907 1586 eiiudem
949 1544 1166 1599 supremum
1185 1578 1197 1597 ,
1249 1547 1297 1586 ab
1331 1545 1440 1584 initio

126 1620 179 1648 ex
212 1609 311 1649 costa
344 1609 436 1649 offe-a
470 1611 514 1649 ad
546 1620 765 1650 extremum
800 1622 913 1664 vsque
931 1642 943 1662 ,
974 1622 1051 1663 quo
1081 1609 1163 1649 offis
1196 1608 1361 1663 petitoris
1382 1607 1437 1648 la·

126 1673 234 1711 terali
266 1671 354 1712 finui
403 1672 628 1714 inarticulata
670 1673 829 1728 insistit3
873 1686 985 1727 quam
1019 1672 1078 1713 his
1110 1673 1234 1713 verbis
1266 1671 1340 1727 ipse
1371 1672 1438 1712 de-

126 1735 246 1775 scribit
278 1737 362 1789 (d).
436 1737 503 1778 Ad
524 1739 648 1791 pedus
680 1750 794 1792 osque
817 1738 997 1794 seruntur
1026 1736 1207 1789 [musculi
1240 1737 1335 1777 recti
1372 1734 1439 1774 ab·

128 1799 316 1849 dominis]
347 1801 404 1839 cui
424 1796 541 1852 supra
575 1808 822 1841 mucronatam
856 1801 1107 1854 cartilaginem
1125 1833 1137 1853 ,
1170 1802 1226 1842 ad
1261 1801 1343 1851 offis
1372 1806 1442 1852 pe·

129 1861 238 1903 &oris
271 1862 391 1902 latera
411 1894 421 1913 ‚
453 1862 577 1916 illique
609 1875 788 1904 connexas
820 1864 1061 1917 cartilagines
1083 1894 1095 1914 ,
1133 1862 1201 1906 lati
1235 1864 1442 1916 carnqltque

195 1925 315 1965 Tom.
349 1923 384 1963 ΙΙ
427 1925 530 1965 Nou.
552 1923 778 1966 Comment.
988 1926 1023 1967 Κ
1055 1926 1082 1966 k
1383 1929 1441 1967 in-

279 2023 330 2068 (af
357 2020 405 2056 De
432 2021 528 2069 Corp.
555 2020 656 2055 Hum.
684 2022 806 2058 Fabric.
835 2023 877 2058 L.
904 2021 1011 2059 ILC.
1040 2035 1097 2067 21.

281 2071 331 2120 (b)
365 2070 441 2106 lbd.
471 2072 562 2106 must.
593 2070 662 2105 Tab
705 2072 748 2108 V.
792 2074 822 2103 Δ
850 2085 934 2109 τ·5.

278 2121 334 2170 (c)
363 2119 436 2156 lbid.
469 2120 537 2155 Tab
574 2119 634 2155 lV.
661 2134 694 2156 n.

276 2170 336 2221 gd)
363 2170 437 2208 Loc.
462 2174 513 2207 cit.
540 2169 581 2206 C.
610 2181 665 2215 51.
