1971 2700
543 147 635 194 380
892 137 982 188 DE
1013 137 1231 187 BESTIIS
1264 137 1513 186 MARINIS
1575 180 1583 184 -

662 252 850 299 Glandula
900 258 1056 311 thymus
1106 268 1333 312 praemagna
1382 255 1538 298 candida
1587 262 1694 308 erat,
1740 258 1859 316 sesqui

543 324 698 379 pollices
740 322 855 375 longa
875 355 887 373 ,
934 332 970 362 et
1005 333 1126 361 vnum
1159 322 1229 362 lata
1252 353 1263 373 ‚
1297 322 1439 372 omlis,
1476 320 1629 373 luperne
1661 331 1857 378 connexa,

482 383 489 390 ’
541 390 683 429 inferne
719 386 828 438 plana
863 397 901 426 et
935 384 1121 424 tantillum
1152 397 1346 436 concaua,
1383 385 1511 425 colore
1547 384 1730 437 pancrmti
1758 384 1861 430 simi-

542 452 614 499 lis,
656 463 678 489 e
711 449 839 488 multis
887 447 1111 501 glandulosis
1160 448 1295 489 lobulis
1326 450 1364 489 in
1398 449 1489 489 alios
1523 447 1650 487 denuo
1700 448 1865 502 minores

542 511 662 568 pisum
698 522 898 565 aequantes
930 509 1123 552 subdiuisos
1156 510 1319 552 conflata
1341 544 1352 564 ‚
1384 525 1476 566 quos
1495 511 1718 552 membrana
1747 513 1866 554 tenuis

539 576 773 617 coniunctim
818 575 1035 626 ambiebat,
1086 575 1255 629 glandula
1286 575 1354 616 hac
1389 574 1516 616 inflata
1567 573 1693 628 spuma
1726 575 1808 616 alba
1841 587 1866 616 e

540 639 729 693 Laryngis
762 639 907 680 annulis
937 639 1134 680 emanabat
1154 671 1165 691 ,
1195 639 1355 680 ductum
1390 650 1516 680 autem
1557 638 1700 679 nullum
1721 639 1865 679 inueni-

539 718 580 745 re
601 705 730 758 potui,
766 716 816 745 ex
843 716 920 757 quo
952 702 1115 744 conclusi
1148 701 1334 744 secernere
1366 703 1462 744 hanc
1491 702 1705 758 glandulam
1741 702 1864 757 liquo-

539 779 622 808 rcm
657 780 730 821 pro
761 768 943 822 irriganda
978 767 1144 822 larynge.

659 832 798 873 Pulmo
831 832 1053 882 embryonis
1085 831 1250 872 violacei
1282 831 1423 874 obscuri
1458 832 1596 873 coloris
1627 839 1704 872 erat
1724 861 1736 883 ‚
1770 830 1866 872 tabi-

536 896 600 938 dus
633 906 671 937 et
705 894 887 948 collapsus
907 927 918 947 ‚
950 894 1096 935 inflatus
1128 905 1256 936 autem
1291 897 1508 938 rubedinem
1541 896 1706 936 albidum
1734 895 1866 936 indue-

536 959 601 1000 bat
622 992 632 1011 ,
667 969 705 999 et
737 971 803 1000 cor
837 958 944 999 simul
977 958 1203 999 mouebatur
1223 991 1234 1010 ,
1270 958 1337 1000 hac
1368 961 1562 1001 occasione
1596 959 1710 999 incidi
1743 958 1783 998 in
1803 970 1866 1000 ca-

533 1023 663 1063 nalem
697 1023 917 1063 arteriosum
956 1034 996 1062 2.
1027 1021 1142 1062 lineas
1172 1034 1192 1062 a
1228 1022 1301 1063 basi
1320 1025 1441 1064 cordis
1460 1023 1567 1063 valde
1586 1021 1828 1075 conspicuum
1853 1054 1867 1075 ,

533 1087 705 1140 patulum
727 1118 736 1134 ,
770 1095 809 1124 et
841 1085 1021 1138 grumolo
1053 1085 1228 1138 languine
1262 1087 1404 1140 exiguo
1449 1085 1626 1126 refertum
1647 1118 1658 1137 ,
1693 1083 1865 1126 foramen

533 1149 641 1189 ouale
676 1158 851 1202 apertum
883 1148 1038 1202 quidem
1069 1158 1147 1188 erat
1166 1180 1179 1200 ,
1209 1149 1268 1188 sed
1302 1149 1448 1190 valuula
1478 1150 1638 1202 quadam
1659 1149 1866 1191 conniueu-

533 1221 572 1251 tc
606 1213 818 1252 munitum.

651 1274 796 1329 Liquor
830 1274 1027 1329 pericardii
1062 1276 1100 1316 in
1135 1275 1345 1327 embryone
1377 1275 1488 1330 plane
1519 1277 1676 1328 aberat,
1726 1277 1791 1330 qui
1823 1278 1866 1318 in

532 1339 662 1380 adultis
695 1338 823 1380 occisis
857 1338 1007 1392 iemper
1042 1339 1243 1378 inuenitur.

648 1399 824 1443 Intestina
857 1403 1022 1456 plurima
1057 1414 1106 1442 ex
1141 1411 1249 1455 parte
1284 1413 1404 1443 vacua
1437 1411 1572 1453 erant,
1608 1411 1648 1442 et
1673 1402 1863 1444 mucoso-

532 1466 610 1508 lum
647 1466 808 1519 referta,
842 1479 863 1506 c
894 1466 1074 1520 glandulis
1106 1465 1373 1507 intestinalibus
1413 1466 1625 1508 cxiudante.
1690 1465 1736 1506 ln
1769 1478 1865 1507 ven-

531 1531 670 1572 triculo
704 1531 831 1571 inueni
865 1530 1055 1584 liquamen
1087 1528 1331 1584 gelatiuosum
1352 1563 1363 1582 ,
1398 1529 1577 1587 vitellum
1590 1531 1651 1573 oui
1681 1530 1864 1584 quodam-

530 1595 654 1636 modo
687 1595 860 1635 reserens.

655 1657 756 1700 Sulci
790 1658 1078 1700 renunculorum
1109 1657 1261 1712 copiosa
1282 1657 1497 1711 interspersa
1520 1657 1746 1712 pinguedine
1765 1658 1863 1699 obli·

527 1723 743 1764 terabantur
764 1755 774 1773 ,
809 1735 903 1777 quae
938 1724 975 1762 in
1011 1722 1141 1763 adultis
1174 1721 1371 1763 euanescit.
1445 1721 1702 1762 Excrementa
1730 1733 1867 1762 recens-

529 1796 708 1828 natorum
744 1787 955 1828 catulorum
991 1786 1178 1826 infantum
1214 1786 1392 1826 meconio
1427 1797 1504 1824 non
1540 1784 1719 1826 absimilia
1764 1784 1858 1826 fiunt.

645 1847 873 1891 Glandulam
907 1849 1056 1902 thymi,
1077 1850 1176 1903 quod
1209 1862 1274 1889 me
1309 1849 1417 1889 valde
1450 1848 1590 1888 mirum
1622 1848 1776 1901 habuit,
1813 1850 1857 1890 in

528 1914 663 1953 adultis
693 1915 858 1955 hucdum
897 1915 1023 1954 inueni
1043 1947 1054 1965 ,
1086 1913 1554 1966 solummodossjminorem
1578 1927 1585 1951 ε
1630 1912 1668 1951 in
1696 1913 1863 1966 quadarn

528 1976 703 2016 socmella
748 1988 975 2031 praegnante
1028 1977 1190 2016 eandem
1232 1975 1450 2028 glandulam
1484 1975 1523 2014 in
1557 1973 1700 2016 saccum
1742 1989 1859 2030 quen·-

528 2039 619 2080 dam
655 2040 902 2081 immutatam
936 2041 1059 2081 iuucui
1079 2072 1090 2092 ‚
1122 2040 1186 2092 qui
1219 2037 1388 2082 immiss‘o
1423 2036 1513 2079 flatu
1546 2038 1826 2082 distendebatur.

1703 2166 1858 2208 Cerebri
