1971 2700
104 159 246 208 VSVS
280 155 439 202 LEGIS
473 152 862 200 DECREMENTI
911 152 1154 200 CALORIS
1181 162 1252 199 cet.
1321 170 1417 213 179⁷

113 284 150 316 et
182 270 330 314 recessiis
362 272 455 313 ae'ris
486 269 657 311 acceleari
687 267 835 320 conseq.
868 267 1154 310 decrementum
1175 270 1307 313 caloris
1331 284 1414 313 ma-

109 337 163 378 ius
195 337 275 377 fieri
310 335 429 391 possit.

228 402 262 449 §-
282 409 323 448 7.
359 397 453 440 Non
492 396 545 437 est
563 428 574 447 ‚
605 404 647 437 vt
678 395 743 436 hic
776 396 900 437 multis
948 397 1139 439 ostendam
1158 429 1169 448 ,
1222 397 1385 440 fruitum
1404 431 1416 451 ,

111 463 173 517 qui
206 475 257 503 ex
289 463 416 503 talibus
446 459 756 501 obseruationibus
772 459 1035 513 exspectandus
1061 461 1113 501 est
1136 491 1149 511 ‚
1183 461 1253 502 effe
1271 463 1420 503 alicuius

113 527 302 567 momenti
333 535 373 565 et
403 533 546 564 tantum
580 533 624 563 vt
666 522 852 566 molestias
884 536 974 566 cum
992 524 1306 566 obseruationibus
1323 537 1418 566 con-

113 589 256 630 iunctas
285 585 509 641 compenset.
593 586 815 643 Temperies
855 589 951 629 ae'ris
998 589 1180 630 influxum
1232 588 1346 629 habet
1378 588 1418 628 in

114 652 284 693 animalia
316 661 354 691 et
382 649 602 703 vegetabilia
620 659 658 690 et
675 651 807 692 omnia
837 664 996 704 corpora
1014 661 1156 692 tantum
1180 683 1191 703 ,
1225 662 1269 691 vt
1294 652 1421 692 sanitas

112 714 330 755 animalium
363 722 400 753 et
431 715 621 766 vegetatio
653 715 863 768 plantarum
898 715 1051 754 multam
1087 723 1232 766 partem
1266 728 1288 754 a
1321 725 1422 755 tem-

118 779 219 832 perie
249 777 343 817 ae'ris
373 777 546 829 pendeat.
612 777 713 818 Hinc
748 777 839 818 forte
868 776 950 817 fieri
984 776 1106 829 potest
1156 785 1199 815 vt
1238 776 1425 817 eiusmodi
1463 789 1465 791 ·

116 840 427 881 obseruationibus
457 852 545 880 cum
579 840 751 881 industria
772 841 1006 882 ‘continuatis
1023 871 1034 892 ,
1067 838 1272 880 coniunctis
1313 837 1424 881 simul

114 902 192 944 aliis
222 903 291 943 huc
323 903 589 956 pertinentibus
607 935 618 955 ,
650 904 777 945 multis
808 904 956 944 vlterius
988 902 1203 944 definiendis
1221 914 1320 956 pates
1338 902 1424 943 red-

115 966 261 1007 damur.
325 967 468 1021 Quodsi
499 965 623 1006 nihilo
657 968 780 1007 minus
823 967 990 1006 molestia
1024 967 1062 1005 in
1095 965 1323 1005 obseruando
1370 967 1425 1006 su-

115 1041 243 1081 perare
275 1029 441 1069 videatur
473 1028 680 1069 wiht-item
714 1030 798 1070 inde
831 1028 1050 1081 sperandam
1090 1028 1329 1081 cogitationes
1365 1036 1420 1069 ta-

119 1103 210 1131 men
243 1091 314 1131 hae
346 1091 580 1131 occasionem
614 1092 699 1132 dare
730 1100 909 1145 poterunt
941 1090 1118 1131 omnibus
1149 1091 1200 1130 ita
1238 1091 1422 1133 instruen-

118 1153 203 1205 dis,
238 1163 280 1194 vt
312 1166 367 1194 res
398 1154 576 1206 expeditu
605 1153 750 1193 facilior
782 1153 860 1194 fiat.

232 1215 267 1262 ς.
295 1218 333 1253 8.
369 1212 471 1254 Cum
506 1213 818 1267 thermometra,
851 1215 879 1257 fi
919 1227 970 1256 ex
1018 1215 1088 1258 alia
1133 1189 1337 1289 temperie
1386 1221 1429 1264 in

114 1278 250 1318 ae’rem
286 1276 448 1317 liberum
467 1275 789 1330 transportantur,
823 1279 1060 1334 temperiem
1094 1281 1190 1321 a'e‘ris
1206 1294 1282 1322 non
1299 1281 1427 1324 statim

114 1339 340 1392 ostendant,
373 1340 432 1380 (ed
465 1338 654 1382 succeffiue
694 1341 766 1382 sese
816 1343 1027 1396 temperiei
1058 1345 1156 1384 a‘e'rls
1203 1356 1426 1388 accommo-

116 1402 237 1453 dent,
268 1403 358 1443 alius
390 1401 508 1444 adhuc
543 1402 623 1443 vsus
663 1404 757 1459 legis
796 1405 1034 1446 decrementi
1075 1406 1208 1447 caloris
1247 1407 1351 1449 fluidi
1390 1407 1429 1449 se

121 1465 217 1506 mihi
249 1465 411 1517 obtulit,
452 1477 569 1519 quem
610 1466 832 1511 resolutione
870 1468 1051 1525 sequentis
1087 1469 1338 1524 problematis
1373 1471 1428 1514 ob

120 1527 253 1569 oculos
284 1541 431 1585 ponere
461 1529 587 1571 liceat.

611 1621 922 1715 Problema.

239 1767 341 1810 Dita
374 1772 565 1824 temperie
597 1774 700 1815 fluidi
735 1775 863 1816 initiali
898 1783 936 1814 et
977 1772 1135 1827 cognito
1175 1774 1426 1822 decremento

122 1834 282 1887 quinque
315 1835 468 1874 minutis
500 1837 634 1888 primis
665 1838 836 1877 inuenire
869 1838 1108 1890 temperiem
1139 1840 1249 1879 a‘e‘ris.

617 1935 914 1998 ResolutiO.

279 2034 319 2079 1)
338 2028 557 2071 Definitum
576 2031 620 2072 s1t
638 2033 747 2072 omni
766 2032 912 2075 solertia
945 2034 984 2074 in
1018 2037 1210 2089 temperie
1228 2036 1324 2077 ae'ris
1339 2048 1425 2090 qua-

127 2101 270 2146 cunque
301 2094 505 2146 quantitatis
536 2096 823 2200 aquancalidae
864 2099 902 2139 in
943 2098 1024 2139 uase
1064 2100 1261 2154 stagnantis
1295 2101 1427 2141 decree

728 2171 751 2196 2
992 2181 995 2183 -
1313 2176 1419 2205 men*
