1971 2700
151 197 343 242 SIMVL
379 193 599 242 VARIAT.
635 192 868 241 DIRECT.
908 193 1064 240 ILLIV
1063 197 1097 241 S
1131 197 1314 246 INDIC'.
1372 218 1459 258 129

766 307 839 349 111.

271 383 354 426 Sint
386 383 461 424 duo
494 380 644 421 elateres
674 393 696 421 e
725 389 764 421 et
796 393 833 421 m
852 413 863 432 ,
880 380 926 422 ad
947 381 1085 423 tabulas
1113 383 1276 425 laterales
1302 384 1458 430 firmati.

157 448 262 489 Prior
281 480 291 499 ,
323 448 382 502 qui
436 444 566 484 fortior
616 443 669 483 est
696 477 708 495 ‚
773 454 897 484 rotam
959 445 1006 486 M
1057 447 1103 488 ad
1155 457 1382 502 tympanum
1433 450 1461 493 h

158 512 366 565 apprimet3
396 519 468 561 pro
497 507 613 547 lubitu
646 505 809 547 funiculo
833 514 948 562 pqr
979 509 1027 550 ab
1057 509 1124 550 illo
1156 514 1460 567 remouendam3

154 575 332 628 posterior
376 571 446 612 erit
474 569 679 611 flexibilior
695 603 706 623 ,
738 580 778 612 et
810 580 963 612 motum
993 574 1250 627 retrogradum
1271 584 1378 617 rotae
1426 577 1460 618 F

148 636 368 692 prohibebit.

756 696 827 737 IV.

259 773 382 814 Rotae
413 769 444 811 F
476 777 514 810 et
554 769 602 811 M
635 778 803 823 tegantur
843 767 964 810 tabula
1011 768 1129 823 lignea
1163 774 1296 824 tenui,
1347 774 1453 816 lateri

142 836 303 890 capsulae
331 831 408 874 BC
420 831 507 874 DE
536 833 702 887 aequali,
734 843 771 873 et
804 832 850 872 ab
882 833 989 872 omni
1009 843 1115 886 parte
1132 835 1252 888 probe
1278 837 1453 877 munian-

140 908 201 940 tur
229 908 354 940 contra
386 897 590 938 humorum
624 895 920 950 impreffionem.
989 895 1052 937 Ad
1085 897 1177 938 latus
1209 899 1372 952 capsulae
1404 899 1451 940 il-

136 962 204 1003 lius
220 961 397 1015 angustius
416 958 500 1000 BD
520 959 688 1000 firmetur
704 959 1048 1012 perpendiculariter
1064 960 1184 1001 tabula
1202 962 1262 1018 Q,
1288 964 1450 1016 quinque

138 1026 250 1078 pedes
281 1025 392 1076 longa
413 1055 423 1074 ,
456 1023 685 1062 latitudineae
717 1034 808 1061 vero
837 1022 981 1074 capsam
1014 1023 1241 1077 adaequans,
1277 1037 1365 1066 cum
1383 1026 1441 1067 in·-

137 1086 258 1128 cisuris
290 1099 359 1141 pro
376 1085 488 1127 lubitu
520 1085 565 1125 ad
598 1084 812 1126 machinam
831 1084 1038 1126 ornandam
1075 1085 1188 1127 fastis.

760 1186 810 1238 V,

245 1269 393 1325 Integra
410 1269 586 1313 machina
603 1268 775 1312 firmetur
792 1270 836 1311 ad
855 1272 1005 1315 vastem
1016 1271 1104 1327 CK,
1122 1277 1223 1318 cuius
1249 1289 1333 1333 pars
1350 1279 1443 1320 inie-

133 1335 210 1377 rior
229 1334 409 1390 perffirata
430 1335 481 1375 est
499 1336 695 1376 secundum
716 1335 989 1388 longitudinem
1023 1339 1133 1379 instar
1166 1342 1243 1382 tubi
1261 1344 1307 1383 ad
1343 1343 1439 1384 suni-

131 1399 230 1442 culos
254 1398 498 1451 recipiendos.
531 1398 595 1439 Ex
628 1398 662 1438 L
683 1411 796 1452 vsque
814 1399 859 1439 ad
878 1400 912 1441 K
933 1402 975 1442 fit
994 1402 1113 1444 veffis
1131 1403 1268 1457 figurae
1286 1406 1437 1459 prisma-

131 1464 223 1504 ticae
253 1471 465 1515 tetragonae
484 1494 495 1513 ‚
529 1474 670 1515 nempe
705 1470 884 1515 quantum
905 1465 975 1504 erit
991 1466 1083 1506 infla
1108 1467 1287 1508 fornicem
1310 1468 1346 1507 T
1363 1469 1400 1507 T
1420 1481 1436 1522 3

134 1525 311 1578 reliquum
362 1526 432 1564 erit
475 1524 613 1578 figurae
673 1525 896 1576 cylindricae
915 1559 925 1579 ,
977 1528 1216 1582 longitudinis
1262 1541 1297 1570 et
1315 1530 1434 1570 craffi-

134 1588 198 1628 tiei
219 1620 227 1636 ,
268 1587 313 1626 ad
351 1586 565 1628 machinam
607 1588 850 1630 sustinendam
887 1599 926 1630 et
968 1601 1176 1634 ventorum
1242 1593 1432 1646 impetum

130 1650 320 1690 ferendum
359 1649 580 1692 sufficientis.

734 1747 806 1788 VI.

241 1816 286 1857 In
318 1816 453 1856 fornice
492 1815 530 1854 T
548 1816 586 1854 T
620 1817 685 1856 fiat
707 1818 891 1869 ‘foramen
941 1821 1145 1861 rotundum
1164 1853 1174 1872 ‚
1227 1830 1431 1877 aptumque

124 1882 170 1924 ad
202 1880 351 1920 vestem
385 1878 627 1928 cylindricum
662 1880 915 1933 capiendum3
950 1885 1136 1922 muniatur
1167 1897 1267 1924 cono
1303 1887 1428 1939 perfo-

119 1955 203 1986 rato
235 1940 273 1984 G
292 1938 330 1980 G
362 1941 407 1980 ad
439 1940 615 1980 fornicem
662 1940 842 1994 firmato,
897 1954 934 1984 et
964 1957 1064 1985 cono
1095 1945 1212 1988 altero
1260 1961 1427 1989 concam,

120 2010 157 2050 R
177 2008 212 2048 R
233 2039 244 2056 ,
276 2004 439 2058 priorem
469 2012 622 2056 tegente
641 2036 651 2054 ‚
685 2014 794 2056 atque
812 2006 910 2045 vesti
942 2007 1059 2046 affixo
1093 2010 1142 2048 ita
1159 2041 1170 2060 ‚
1191 2019 1232 2049 vt
1251 2011 1366 2051 vestis
1384 2013 1424 2051 in

117 2071 298 2112 foramine
330 2067 441 2107 libere
471 2066 621 2107 moueri
650 2065 759 2119 poffit
790 2069 886 2108 circa
916 2067 1018 2109 suum
1052 2083 1162 2110 axem
1184 2104 1194 2123 ,
1227 2083 1265 2113 et
1297 2074 1421 2128 pluuia

120 2144 229 2188 atque
263 2132 329 2171 nix
361 2141 460 2169 cono
491 2140 658 2169 concauo
677 2130 712 2171 R
732 2131 768 2173 R
789 2144 809 2172 a
842 2130 1027 2175 foramine
1058 2144 1230 2177 arceatur.

183 2197 221 2236 T
224 2207 304 2236 om.
326 2192 378 2235 11.
398 2191 501 2234 Nou.
522 2189 746 2234 Commeat.
920 2196 958 2239 R
1323 2198 1415 2240 νη,
