1971 2700
474 171 563 217 420
756 152 1089 203 MmoDVs
1122 150 1486 201 OBSERVANm

476 289 548 320 nae
582 272 750 318 omnino
784 273 979 330 parallelus
998 306 1011 325 ‚
1041 282 1080 313 et
1113 271 1275 326 praecise
1310 271 1347 311 in
1382 270 1499 325 plano
1526 268 1722 313 meridiani
1741 270 1802 317 10?

475 351 579 384 catus
611 339 686 381 effe
717 340 844 381 debet-
910 337 986 379 Sed
1019 336 1065 377 ad
1098 335 1175 376 hoc
1210 337 1369 377 altitudo
1406 335 1483 389 poli
1515 346 1683 376 accurata
1702 370 1713 389 ‚
1763 347 1806 380 a

475 407 742 462 pauimentum
777 401 1016 442 obseruatorii
1052 400 1241 441 horizonti
1281 400 1438 455 pmccile
1482 398 1702 453 parallelum
1722 433 1732 452 ,
1766 409 1807 442 tt

478 471 585 512 lineis
621 466 837 508 meridianis
872 464 1182 518 verticalibusque
1231 465 1420 519 primariis
1468 476 1583 517 quum
1634 463 1812 517 plurimis

477 535 595 586 iisque
627 540 818 571 accuratae
851 529 972 570 ductis
1005 527 1180 569 refertum
1213 529 1410 582 requiritur
1429 561 1440 581 ‚
1474 539 1640 581 quorum
1683 540 1808 568 vnum

478 596 653 652 quodque
688 595 862 635 maxime
894 593 1080 634 lubricum
1118 593 1202 633 est:
1235 593 1332 633 adeo
1365 604 1407 632 vt
1426 603 1673 634 momentum
1702 601 1812 632 tem»

477 661 585 716 poris
604 693 614 712 ,
646 671 723 713 quo
754 670 897 699 cornua
932 656 1061 698 Lunae
1092 657 1153 697 vel
1171 655 1270 698 Solis
1287 657 1476 711 aequatori
1496 655 1668 709 parallala
1696 654 1777 696 sum
1796 688 1813 710 ‚

479 725 723 778 distantiaque
758 733 979 763 centrorum
1011 721 1142 762 Lunae
1176 733 1213 762 et
1250 722 1410 762 vmbrac
1430 753 1442 772 ‚
1493 721 1553 760 vel
1608 719 1738 760 Lunae
1770 731 1815 762 et

482 787 582 832 Solis
601 822 613 840 ,
644 789 690 828 ad
721 791 890 828 ‘eundem
926 786 1239 840 perpendicularis
1273 785 1323 825 cst
1343 818 1353 838 ‚
1388 785 1577 826 methodo
1609 784 1679 825 hac
1715 796 1815 825 nun-

480 865 601 907 quam
635 852 710 892 sere
742 851 820 892 sine
853 863 976 890 errore
1011 849 1164 890 sensibili
1198 849 1379 890 obseruari
1401 848 1523 903 pollit.
1591 846 1694 889 Cum
1715 848 1812 891 haec

481 916 558 959 fine
590 916 708 957 dubio
742 914 956 956 clariffimus
987 913 1156 954 Heinsius
1175 947 1188 965 ,
1205 915 1336 954 animo
1355 915 1605 968 perpenderet
1625 947 1635 965 ,
1655 913 1816 954 metho-

480 981 651 1034 dumque
686 978 817 1033 phuses
849 977 1044 1031 eclipfium
1079 987 1117 1017 et
1149 979 1307 1018 chordas
1340 979 1552 1019 defectuum
1575 1011 1588 1030 ,
1611 990 1816 1031 canumque

483 1045 689 1099 positiones
719 1043 764 1083 ad
797 1042 832 1082 st:
866 1042 1035 1083 inuicem
1069 1051 1107 1082 et
1139 1042 1185 1082 ad
1216 1043 1370 1082 diurnos
1402 1041 1669 1082 Luminarium
1704 1054 1816 1095 quas—

484 1121 631 1161 cunque
664 1108 807 1146 eodem
851 1116 1034 1159 tempore
1087 1117 1272 1160 prompte
1305 1116 1344 1146 et
1377 1116 1547 1147 accurate
1595 1105 1818 1147 obseruandi

482 1173 527 1214 in
558 1170 809 1212 Astronomia
843 1171 1008 1222 practica
1045 1172 1187 1209 merito
1225 1170 1345 1209 adhuc
1397 1170 1593 1210 desiderari
1642 1171 1784 1209 videret
1803 1201 1818 1222 ,

484 1233 683 1291 proposuit
718 1232 914 1272 occasione
946 1230 1124 1285 eclipseos
1157 1230 1297 1272 Solaris
1331 1232 1451 1272 Anno
1492 1243 1639 1283 1739,
1680 1232 1819 1274 Mense

484 1297 661 1352 Augusto
695 1307 717 1335 a
750 1295 785 1334 se
819 1294 881 1334 hic
916 1294 1112 1347 Petropoli
1141 1295 1351 1336 obseruatae
1371 1329 1383 1347 ,
1434 1296 1666 1337 methodum
1688 1329 1699 1348 ,
1743 1310 1818 1350 qua

486 1363 620 1404 omnia
653 1360 747 1401 haec
780 1358 939 1413 quaesita
972 1358 1147 1411 eclipseos
1167 1391 1176 1409 ‚
1229 1371 1306 1412 ope
1337 1359 1414 1398 tubi
1465 1359 1726 1400 Astronomici
1760 1373 1819 1401 re-

486 1425 609 1468 ticulo
641 1433 791 1464 tantum
823 1422 1017 1463 ordinario
1051 1421 1215 1462 instructi
1236 1455 1248 1473 ,
1280 1422 1416 1476 absque
1448 1423 1559 1462 omni
1608 1420 1673 1462 viu
1700 1422 1822 1464 coch-

485 1492 630 1533 learum
651 1522 662 1541 ‚
711 1487 1009 1541 capillorumque
1062 1487 1270 1527 mobilium
1305 1487 1353 1527 ab
1384 1486 1500 1527 vnico
1551 1484 1788 1527 obstruatore
1807 1522 1823 1542 ‚

487 1556 628 1596 eodem
665 1553 851 1605 temporis
885 1561 1093 1592 momento
1130 1561 1312 1605 prompte
1347 1550 1473 1591 haberi
1512 1551 1671 1603 possunt.
1739 1551 1820 1592 Ve-

487 1632 574 1662 rum
607 1617 692 1672 quia
724 1618 761 1656 in
796 1615 986 1656 methodo
1029 1616 1099 1656 huc
1134 1615 1378 1655 deduc⁶tioncs
1429 1614 1683 1668 quaesitorum
1734 1615 1822 1656 illo-

487 1696 576 1726 rum
611 1679 784 1734 eclipseos
816 1692 886 1733 per
917 1680 1103 1720 calculum
1156 1691 1207 1719 cx
1238 1677 1554 1719 obseruationibus
1585 1680 1719 1719 eadem
1759 1680 1821 1719 in-

490 1747 625 1789 stitutis
639 1777 650 1795 ‚
685 1755 814 1784 motus
832 1743 916 1783 disci
936 1756 1200 1796 cornuumque
1219 1742 1373 1797 phase-os
1391 1756 1457 1796 per
1475 1741 1616 1783 discum
1645 1743 1820 1796 eclipfim-

491 1821 573 1852 tem
592 1820 770 1862 tempore
789 1806 1054 1848 observationis
1073 1808 1247 1847 obtinens
1267 1840 1277 1858 ,
1295 1806 1441 1847 aliunde
1461 1840 1470 1858 ,
1491 1819 1567 1847 non
1585 1818 1634 1846 ex
1655 1806 1727 1860 ipsa
1747 1808 1820 1849 ob-

492 1875 697 1916 seruatione
719 1871 892 1926 pharium
911 1873 1149 1925 cognitus,et
1170 1884 1246 1911 non
1266 1871 1331 1911 nisi
1352 1870 1622 1920 molernium,
1644 1872 1706 1911 vel
1725 1884 1819 1914 cum

494 1951 620 1979 errore
672 1938 794 1990 aliquo
813 1969 823 1986 ,
877 1947 918 1974 vt
946 1935 1024 1989 ipse
1052 1936 1097 1975 cl.
1134 1946 1243 1975 autor
1278 1935 1396 1974 innuit
1415 1967 1427 1981 ,
1458 1934 1763 1975 determinandus
1795 1948 1818 1977 a

495 2001 736 2055 phasibusque
766 2000 972 2039 obseruatis
1009 1999 1155 2051 semper
1192 1997 1453 2038 iubtmhcudus
1496 1998 1734 2051 ingreditur3
1775 2011 1824 2040 ne

495 2064 589 2106 haec
609 2064 761 2117 quidem
791 2063 994 2102 methodus
1012 2062 1171 2114 quaesitu
1191 2062 1249 2100 illa
1268 2059 1442 2114 eclipseos
1460 2061 1653 2102 obtinendi
1694 2064 1822 2104 omni·

499 2137 642 2170 notum
674 2125 740 2169 cst.
778 2126 885 2183 Quae
920 2138 1008 2168 cum
1044 2125 1096 2167 im
1127 2125 1165 2166 se
1195 2124 1358 2168 habeant
1377 2157 1388 2178 ‚
1420 2125 1599 2183 proposui
1642 2127 1736 2167 mihi
1759 2128 1821 2168 hic

1617 2191 1821 2233 describere
