1971 2700
430 167 689 215 ECLIPSES
722 171 800 213 LV
799 170 875 213 MI
874 167 1055 213 NARW
1053 170 1110 213 M
1111 202 1121 211 .
1390 174 1453 222 46
1454 181 1482 221 7

175 288 336 329 vmbrae
367 287 529 339 partibus
567 285 695 326 circuli
749 284 915 325 maximi
965 283 1134 337 expressit
1154 318 1165 337 ,
1213 291 1254 324 et
1286 284 1483 327 inclinatio

174 351 367 391 distantiae
397 350 493 389 illius
522 350 569 388 ad
598 350 773 389 diurnum
809 350 966 399 Lunae,
998 359 1037 388 et
1068 349 1188 388 diurni
1220 347 1351 388 Lunae
1375 349 1483 389 incli-

176 417 280 454 natio
311 414 356 453 ad
396 411 611 466 paralltlum
662 413 812 462 stellae,
863 424 1068 465 onmesque
1118 411 1310 464 parallelos
1357 411 1483 463 alios,

174 477 445 530 consequenter
474 487 514 516 et
548 477 592 516 ad
624 476 842 529 parallelum
879 488 946 527 per
981 485 1157 515 centrum
1210 473 1341 516 Lunae
1376 473 1411 515 L
1442 475 1483 516 In

175 541 427 580 obieruatione
459 540 640 593 affumpta
679 539 953 590 transeuntem,
997 540 1098 579 vnde
1133 539 1331 579 inclinatio
1364 539 1482 580 etiam

171 603 363 644 distantiae
399 604 494 644 illius
523 604 568 643 ad
604 602 821 655 parallelum
857 600 988 641 Lunae
1022 591 1276 655 descriptum}
1308 615 1400 644 cum
1420 614 1482 643 ea-

171 679 241 720 que
282 667 387 707 simul
417 668 464 707 ad
510 667 693 706 circulum
749 665 1005 705 declinationis
1056 678 1124 717 per
1171 675 1357 706 centrum
1400 665 1479 706 Lu-

168 741 241 769 nae
289 731 428 771 eodem
479 739 656 783 tempore
707 729 988 781 transeuntem3
1021 729 1162 781 quippe
1192 742 1289 782 quae
1321 730 1480 769 inclina-

167 793 282 833 tionis
329 794 423 833 illius
471 793 524 833 est
555 792 886 846 complementum
936 791 981 830 ad
1029 791 1176 830 rectum
1196 823 1209 842 ,
1257 791 1477 831 innotescet.

165 855 365 910 Quoniam
395 865 521 897 antem
555 869 622 910 per
652 855 755 909 {upra
786 855 888 895 dic‘ta
921 853 1115 894 inclinatio
1145 854 1273 894 circuli
1310 855 1477 895 declina-

168 920 286 960 tionis
323 921 369 960 ad
399 920 583 961 circulum
633 918 836 961 altitudinis
869 918 907 957 in
939 926 1073 957 centro
1121 915 1250 958 Lunae
1297 925 1476 972 tempore

165 982 432 1024 obseruationis
462 985 634 1024 obtinens
665 983 772 1023 datur
791 1014 802 1034 ,
836 981 981 1021 dabitur
1011 982 1130 1021 etiam
1182 980 1376 1022 inclinatio
1413 982 1476 1022 di-

164 1046 318 1086 stantiae
350 1047 446 1087 illius
476 1048 525 1087 ad
557 1046 735 1086 circulum
769 1045 966 1085 altitudinis
996 1056 1085 1084 cum
1104 1056 1220 1098 eaque
1237 1044 1345 1085 simul
1356 1056 1475 1085 com-

166 1109 401 1162 plementum
432 1111 510 1150 eius
541 1110 587 1150 ad
621 1109 768 1149 testum
787 1140 800 1160 ,
833 1106 892 1148 seu
924 1107 1118 1147 inclinatio
1149 1108 1316 1147 eiusdem
1335 1107 1478 1146 distan-

164 1172 240 1212 tiae
263 1172 309 1211 ad
341 1172 702 1212 almucantharatum
734 1183 804 1224 per
833 1178 1007 1210 centrum
1040 1169 1171 1209 Lunae
1202 1169 1342 1210 eodem
1376 1178 1476 1211 tem·

164 1247 259 1288 pore
306 1234 569 1275 transeuntem.
650 1233 756 1275 Data
786 1241 913 1274 autem
949 1232 1026 1273 hoc
1057 1232 1180 1273 modo
1230 1231 1475 1274 inclinatione

159 1297 353 1338 distantiae
386 1307 606 1340 centrorum
640 1299 688 1339 ad
734 1295 1096 1338 almucantharaturn
1136 1304 1316 1351 ‘tempore
1347 1294 1539 1356 obser-1:13,
1560 1322 1609 1356 ,55

163 1362 328 1401 vationis
358 1362 566 1416 assumptae
596 1375 665 1416 per
696 1370 871 1402 centrum
911 1360 1043 1401 Lunae
1090 1361 1346 1400 transeuntem
1368 1393 1379 1412 ,
1426 1371 1471 1403 et

160 1425 331 1465 distantia
364 1434 584 1466 centrorum
618 1426 693 1479 ipfit
713 1458 724 1478 ,
753 1424 965 1465 differentia
979 1424 1099 1465 etiam
1120 1424 1362 1464 altitudinum
1376 1437 1470 1466 ›cen-

160 1489 209 1528 tri
237 1487 367 1529 Lunae
400 1503 420 1530 a
453 1499 590 1530 centro
622 1489 782 1529 vmbrae
813 1489 1036 1528 inuenietur.
1102 1487 1337 1543 Quaerendo
1355 1500 1468 1530 nem-

161 1564 213 1605 pe
241 1553 280 1592 in
311 1553 497 1607 triangulo
528 1552 667 1594 LMV
703 1551 924 1605 rectangulo
955 1551 1004 1591 ad
1023 1550 1070 1591 M
1089 1584 1100 1603 ,
1133 1551 1248 1592 latere
1267 1551 1343 1591 eius
1361 1551 1468 1604 LV,

157 1615 328 1656 distantia
362 1615 425 1658 sc:
457 1626 675 1657 centrorum
709 1615 841 1657 Lunae
869 1627 911 1655 et
941 1615 1104 1655 vmbrae
1125 1647 1136 1666 ,
1178 1624 1220 1655 et
1250 1614 1390 1667 angulo
1426 1615 1466 1656 V

157 1676 249 1720 LM
283 1680 527 1721 inclinatione
575 1680 741 1720 eiusdem
774 1679 821 1719 ad
850 1678 1210 1727 almucantharatum
1261 1677 1362 1719 LM
1398 1691 1468 1732 per

155 1752 331 1782 centrum
365 1743 496 1783 Lunae
526 1752 705 1796 tempore
736 1741 1003 1781 obseruationis
1032 1742 1239 1794 affnmptae
1277 1741 1468 1781 transeun-

159 1813 241 1844 tem
274 1806 366 1845 datis
381 1835 391 1851 ,
413 1806 503 1846 latus
521 1806 557 1846 V
575 1806 622 1847 M
650 1805 779 1845 eidem
811 1804 975 1857 aequale.
994 1803 1075 1845 Hac
1106 1814 1233 1845 autem
1250 1814 1289 1844 et
1305 1804 1468 1845 altitudi-

158 1879 206 1907 ne
238 1869 354 1908 centri
387 1868 516 1909 Lunae
549 1871 670 1920 datis,
701 1867 861 1908 altitudo
891 1878 1042 1921 quoque
1074 1868 1196 1908 centri
1215 1868 1372 1908 vmbrae
1391 1868 1469 1921 ipsa

157 1930 258 1970 nullo
292 1933 447 1984 negotio
485 1933 643 1974 dabitur.
729 1931 875 1987 Quodfi
908 1943 1025 1983 porro
1075 1931 1164 1972 loco
1215 1932 1468 1972 inclinationis

154 1994 343 2034 distantiae
373 2006 588 2037 centrorum
621 1997 668 2038 ad
701 1993 1065 2036 almucantharatum
1088 1996 1280 2036 inclinatio
1294 1995 1466 2036 eiusdem

155 2058 203 2098 ad
232 2058 447 2112 parallelum
479 2063 600 2103 centri
633 2061 762 2103 Lunae
794 2058 901 2112 supra
934 2058 1084 2100 inuenta
1114 2059 1343 2100 substituatur
1360 2090 1373 2109 ‚
1411 2055 1459 2097 si·

713 2122 757 2167 N
790 2136 817 2165 n
848 2135 873 2165 n
908 2133 934 2159 2
1346 2118 1457 2162 mile·
