1971 2700
1076 228 1201 287 (4)

750 341 1530 418 MATHEMATICA-

484 473 525 511 L.
556 470 736 510 Evmzm
771 470 836 508 DE
867 439 1182 508 Reovcnoxss
1231 468 1483 506 mmmm
1519 466 1798 507 cvstvARVM

844 521 911 558 Λι)
944 520 1099 558 Ancvs
1128 519 1445 557 cmcvmltffi.

487 580 855 718 Celeberrimus
905 617 1061 658 Eulerus
1110 619 1150 659 in
1185 617 1256 659 hac
1308 618 1353 659 de
1383 616 1585 660 rcdm7ione
1629 618 1807 660 linearum

643 693 843 724 curuarum
874 682 930 722 ad
959 694 1071 724 arcus
1105 682 1305 725 circulares
1338 681 1599 723 dissertatione
1641 683 1813 724 sublimi-

483 746 561 787 oris
613 747 848 798 geometriae
904 757 1095 787 amatores
1136 747 1202 788 fibi
1233 746 1442 789 deuinxiss‘c
1481 746 1688 787 censendus
1727 747 1809 800 cst,

483 808 577 849 dum
612 809 657 849 iis
691 822 830 850 nouam
853 842 863 861 ,
897 808 1048 850 facilem
1084 811 1377 866 elegantemque
1414 811 1646 852 methodum
1683 810 1809 863 offlrt,

483 873 601 913 lineas
639 886 769 914 cut-uas
817 874 1068 926 dimetiendi,
1111 875 1288 917 docendo
1336 876 1539 930 quomodo
1594 877 1680 916 data
1724 887 1815 929 qua·

485 949 632 991 cunque
675 951 790 980 curua
828 951 934 978 arcus
976 939 1105 979 circuli
1144 941 1323 982 exhiberi
1363 940 1475 995 pollit
1523 939 1592 994 ipsi
1624 942 1811 994 proxime

486 1002 682 1054 aequalis,
725 1014 764 1043 et
795 1003 858 1043 ille
900 1003 979 1055 ipse
1022 1003 1181 1056 quidem
1223 1007 1289 1056 qui
1329 1016 1351 1042 a
1394 1002 1657 1044 Celeberrimo
1690 1015 1811 1057 quon-

485 1064 576 1105 dam
612 1065 786 1107 Iohanne
821 1064 1048 1106 Bernoullio
1089 1078 1161 1117 per
1192 1076 1347 1106 motum
1381 1067 1595 1118 reptorium
1631 1067 1813 1106 determi-

486 1137 595 1170 natus
625 1138 705 1168 erat
726 1162 736 1180 ,
771 1141 866 1183 quae
898 1127 1052 1180 quidem
1098 1127 1303 1168 methodus
1335 1126 1600 1168 Beru‹›ulli·.m·.t
1621 1161 1631 1180 ,
1664 1128 1815 1168 tannetfi

487 1193 618 1246 magni
662 1192 759 1233 olim
803 1207 823 1234 a
859 1191 1013 1232 summo
1056 1190 1278 1232 Leibuitzio
1312 1192 1504 1233 aestimata
1539 1191 1592 1231 est
1613 1224 1623 1241 ,
1659 1201 1696 1230 ct
1731 1203 1817 1231 me-

486 1257 564 1298 rito
598 1256 748 1309 semper
781 1256 1068 1307 aestimabitur,
1113 1256 1306 1309 aliquanto
1341 1268 1473 1296 tamen
1509 1254 1704 1295 difficilior
1724 1288 1735 1307 ‚
1769 1267 1817 1296 ne

486 1321 614 1363 dicam
660 1319 816 1362 inferior
856 1319 978 1360 nostm
1021 1315 1225 1360 Euleriana
1267 1321 1446 1361 censenda
1497 1321 1678 1370 videtur,
1721 1320 1814 1360 dum

488 1397 570 1426 non
614 1397 750 1440 parum
802 1385 982 1425 sollicitos
1032 1394 1160 1425 tenere
1196 1385 1287 1425 tolet
1329 1386 1520 1435 emditos,
1563 1397 1632 1438 qua
1668 1384 1816 1423 ratione

488 1459 619 1490 motus
649 1449 841 1503 reptorius
880 1449 1053 1490 adomari
1094 1449 1228 1490 debeat
1263 1460 1303 1489 et
1335 1449 1486 1504 inluper
1519 1461 1597 1489 uon
1633 1448 1728 1488 adeo
1762 1450 1817 1488 la-

492 1521 531 1551 te
565 1522 702 1566 pateat.

632 1574 755 1617 Soluit
790 1587 915 1618 autem
954 1578 991 1618 in
1026 1577 1096 1618 hac
1130 1576 1389 1619 differt-atione
1422 1574 1701 1618 Celeberrimus
1733 1579 1818 1620 Au-

493 1638 580 1681 stor
612 1639 677 1680 sex
711 1641 949 1695 problemata
970 1675 980 1695 ,
1014 1655 1179 1696 quorum
1213 1644 1345 1684 titulos
1380 1642 1517 1684 adferre
1553 1642 1666 1681 iuuat.

646 1716 685 1744 ι.
755 1703 861 1746 Data
894 1719 1029 1747 curuac
1061 1708 1314 1761 amplitudine
1352 1719 1425 1747 vua
1459 1719 1550 1747 cum
1573 1707 1817 1759 normalibus,

753 1768 926 1811 inuenire
956 1771 1102 1812 limites
1136 1773 1230 1812 intra
1256 1785 1349 1826 quos
1381 1772 1580 1825 longitudo
1613 1784 1716 1812 πω»
1735 1785 1819 1812 am-

756 1833 935 1886 plitudini
969 1836 1229 1890 aequipollens
1260 1836 1510 1876 contineatur.

646 1908 686 1934 2.
751 1895 929 1939 Inucnire
981 1912 1117 1939 omnes
1163 1911 1291 1939 curuas
1332 1900 1370 1938 A
1412 1897 1473 1937 Μ.
1518 1897 1625 1936 huius
1676 1896 1814 1937 indolis

757 1968 800 1997 vt
843 1962 964 2000 duc‘kis
1009 1963 1055 1999 ad
1095 1972 1181 1999 eam
1233 1960 1466 1999 normalibus
1515 1960 1551 2000 A
1592 1959 1646 2001 Ν.
1690 1960 1733 2001 Μ
1773 1959 1815 2003 Ν

729 2034 873 2068 „curua
908 2023 945 2063 A
983 2021 1043 2063 Μ.
1078 2022 1239 2077 aequalis
1271 2023 1314 2063 fit
1334 2023 1433 2064 arcui
1466 2023 1595 2064 circuli
1628 2024 1684 2067 N.
1710 2027 1818 2068 radio

604 2105 619 2115 .
664 2102 713 2124 a·
756 2098 812 2126 z:
848 2089 859 2133 ξ
894 2085 1029 2139 (ΑΝ
1067 2094 1132 2133 -4-
1169 2086 1313 2144 MN)
1347 2089 1446 2129 iutra
1488 2089 1608 2130 restas
1640 2090 1740 2132 AN
1776 2102 1816 2133 ct

765 2149 811 2193 Μ
834 2148 874 2193 N
907 2150 1102 2206 descripto.

1771 2232 1818 2268 a.
