<?xml version="1.0" encoding="UTF-8"?>
<!DOCTYPE html PUBLIC "-//W3C//DTD XHTML 1.0 Transitional//EN"
    "http://www.w3.org/TR/xhtml1/DTD/xhtml1-transitional.dtd">
<html xmlns="http://www.w3.org/1999/xhtml" xml:lang="en" lang="en">
 <head>
  <title>
</title>
<meta http-equiv="Content-Type" content="text/html;charset=utf-8" />
  <meta name='ocr-system' content='tesseract 3.04.00' />
  <meta name='ocr-capabilities' content='ocr_page ocr_carea ocr_par ocr_line ocrx_word'/>
</head>
<body>
  <div class='ocr_page' id='page_1' title='image "./novicommentariac02impe_0455.png"; bbox 0 0 1971 2700; ppageno 0'>
   <div class='ocr_carea' id='block_1_1' title="bbox 432 165 1463 222">
    <p class='ocr_par' dir='ltr' id='par_1_1' title="bbox 432 165 1463 222">
     <span class='ocr_line' id='line_1_1' title="bbox 432 165 1463 222; baseline 0.006 -9"><span class='ocrx_word' id='word_1_1' title='bbox 432 165 687 213; x_wconf 79' lang='lat' dir='ltr'><strong><em>ECLIPSES</em></strong></span> <span class='ocrx_word' id='word_1_2' title='bbox 720 165 873 213; x_wconf 89' lang='lat' dir='ltr'><em>LVMI</em></span> <span class='ocrx_word' id='word_1_3' title='bbox 877 170 959 213; x_wconf 86' lang='lat' dir='ltr'>NA</span> <span class='ocrx_word' id='word_1_4' title='bbox 963 170 993 213; x_wconf 88' lang='lat' dir='ltr'><em>R</em></span> <span class='ocrx_word' id='word_1_5' title='bbox 999 169 1022 213; x_wconf 84' lang='lat' dir='ltr'><em>I</em></span> <span class='ocrx_word' id='word_1_6' title='bbox 1022 170 1063 214; x_wconf 93' lang='lat' dir='ltr'><em>V</em></span> <span class='ocrx_word' id='word_1_7' title='bbox 1064 169 1119 213; x_wconf 89' lang='lat' dir='ltr'><em>M</em></span> <span class='ocrx_word' id='word_1_8' title='bbox 1120 199 1131 211; x_wconf 85' lang='lat'><em>.</em></span> <span class='ocrx_word' id='word_1_9' title='bbox 1365 182 1416 222; x_wconf 82' lang='lat'>41</span> <span class='ocrx_word' id='word_1_10' title='bbox 1427 174 1463 219; x_wconf 75' lang='lat'>9</span> 
     </span>
    </p>
   </div>
   <div class='ocr_carea' id='block_1_2' title="bbox 146 281 1479 2173">
    <p class='ocr_par' dir='ltr' id='par_1_2' title="bbox 146 281 1479 2173">
     <span class='ocr_line' id='line_1_2' title="bbox 146 281 1457 337; baseline -0.004 -8"><span class='ocrx_word' id='word_1_11' title='bbox 146 287 202 330; x_wconf 70' lang='lat' dir='ltr'>tia</span> <span class='ocrx_word' id='word_1_12' title='bbox 234 294 447 326; x_wconf 84' lang='lat' dir='ltr'>centrorum</span> <span class='ocrx_word' id='word_1_13' title='bbox 478 282 666 337; x_wconf 70' lang='lat' dir='ltr'>Vtriusque</span> <span class='ocrx_word' id='word_1_14' title='bbox 697 281 781 322; x_wconf 88' lang='lat' dir='ltr'>disci</span> <span class='ocrx_word' id='word_1_15' title='bbox 797 296 807 321; x_wconf 51' lang='lat'>¹:</span> <span class='ocrx_word' id='word_1_16' title='bbox 841 294 894 322; x_wconf 87' lang='lat' dir='ltr'>ex</span> <span class='ocrx_word' id='word_1_17' title='bbox 929 282 987 323; x_wconf 89' lang='lat' dir='ltr'>his</span> <span class='ocrx_word' id='word_1_18' title='bbox 1016 291 1142 324; x_wconf 80' lang='lat' dir='ltr'>autem</span> <span class='ocrx_word' id='word_1_19' title='bbox 1175 281 1223 323; x_wconf 91' lang='lat' dir='ltr'>de</span> <span class='ocrx_word' id='word_1_20' title='bbox 1243 291 1353 324; x_wconf 89' lang='lat' dir='ltr'>motu</span> <span class='ocrx_word' id='word_1_21' title='bbox 1372 283 1457 325; x_wconf 78' lang='lat' dir='ltr'>situ·</span> 
     </span>
     <span class='ocr_line' id='line_1_3' title="bbox 152 345 1458 406; baseline -0.002 -16"><span class='ocrx_word' id='word_1_22' title='bbox 152 363 221 406; x_wconf 86' lang='lat' dir='ltr'>que</span> <span class='ocrx_word' id='word_1_23' title='bbox 254 352 292 390; x_wconf 92' lang='lat' dir='ltr'>in</span> <span class='ocrx_word' id='word_1_24' title='bbox 324 347 431 389; x_wconf 87' lang='lat' dir='ltr'>coelis</span> <span class='ocrx_word' id='word_1_25' title='bbox 458 346 637 387; x_wconf 86' lang='lat' dir='ltr'>discorum</span> <span class='ocrx_word' id='word_1_26' title='bbox 670 346 717 386; x_wconf 54' lang='lat' dir='ltr'>&#39;ad</span> <span class='ocrx_word' id='word_1_27' title='bbox 750 345 783 385; x_wconf 76' lang='lat' dir='ltr'>ie</span> <span class='ocrx_word' id='word_1_28' title='bbox 817 346 983 386; x_wconf 86' lang='lat' dir='ltr'>inuicem</span> <span class='ocrx_word' id='word_1_29' title='bbox 1005 360 1082 387; x_wconf 90' lang='lat' dir='ltr'>non</span> <span class='ocrx_word' id='word_1_30' title='bbox 1101 347 1166 388; x_wconf 76' lang='lat' dir='ltr'>nisi</span> <span class='ocrx_word' id='word_1_31' title='bbox 1193 347 1426 401; x_wconf 78' lang='lat' dir='ltr'>paucissimae</span> <span class='ocrx_word' id='word_1_32' title='bbox 1447 380 1458 400; x_wconf 90' lang='lat'>‚</span> 
     </span>
     <span class='ocr_line' id='line_1_4' title="bbox 151 409 1460 467; baseline -0.002 -12"><span class='ocrx_word' id='word_1_33' title='bbox 151 415 216 455; x_wconf 71' lang='lat' dir='ltr'>vel</span> <span class='ocrx_word' id='word_1_34' title='bbox 247 410 388 467; x_wconf 88' lang='lat' dir='ltr'>prorsus</span> <span class='ocrx_word' id='word_1_35' title='bbox 419 410 538 450; x_wconf 87' lang='lat' dir='ltr'>nullae</span> <span class='ocrx_word' id='word_1_36' title='bbox 571 410 825 450; x_wconf 78' lang='lat' dir='ltr'>conclusiones</span> <span class='ocrx_word' id='word_1_37' title='bbox 856 409 1007 451; x_wconf 78' lang='lat' dir='ltr'>formari</span> <span class='ocrx_word' id='word_1_38' title='bbox 1041 411 1200 465; x_wconf 68' lang='lat' dir='ltr'>possunt.</span> <span class='ocrx_word' id='word_1_39' title='bbox 1268 413 1363 454; x_wconf 87' lang='lat' dir='ltr'>Non</span> <span class='ocrx_word' id='word_1_40' title='bbox 1391 413 1460 452; x_wconf 82' lang='lat' dir='ltr'>da-</span> 
     </span>
     <span class='ocr_line' id='line_1_5' title="bbox 153 473 1459 528; baseline -0.002 -10"><span class='ocrx_word' id='word_1_41' title='bbox 153 487 211 519; x_wconf 84' lang='lat' dir='ltr'>tur</span> <span class='ocrx_word' id='word_1_42' title='bbox 242 477 342 516; x_wconf 88' lang='lat' dir='ltr'>enim</span> <span class='ocrx_word' id='word_1_43' title='bbox 376 473 630 514; x_wconf 77' lang='lat' dir='ltr'>distantiarum</span> <span class='ocrx_word' id='word_1_44' title='bbox 663 474 809 515; x_wconf 77' lang='lat' dir='ltr'>illarum</span> <span class='ocrx_word' id='word_1_45' title='bbox 842 475 976 528; x_wconf 81' lang='lat' dir='ltr'>positio</span> <span class='ocrx_word' id='word_1_46' title='bbox 996 508 1006 526; x_wconf 85' lang='lat'>,</span> <span class='ocrx_word' id='word_1_47' title='bbox 1047 487 1170 528; x_wconf 87' lang='lat' dir='ltr'>neque</span> <span class='ocrx_word' id='word_1_48' title='bbox 1217 476 1262 516; x_wconf 80' lang='lat' dir='ltr'>ad</span> <span class='ocrx_word' id='word_1_49' title='bbox 1295 475 1329 516; x_wconf 86' lang='lat' dir='ltr'>se</span> <span class='ocrx_word' id='word_1_50' title='bbox 1362 477 1459 515; x_wconf 90' lang='lat' dir='ltr'>inui-</span> 
     </span>
     <span class='ocr_line' id='line_1_6' title="bbox 154 536 1465 593; baseline -0.002 -12"><span class='ocrx_word' id='word_1_51' title='bbox 154 552 237 583; x_wconf 86' lang='lat' dir='ltr'>cem</span> <span class='ocrx_word' id='word_1_52' title='bbox 260 572 271 592; x_wconf 87' lang='lat'>,</span> <span class='ocrx_word' id='word_1_53' title='bbox 303 549 419 591; x_wconf 89' lang='lat' dir='ltr'>neque</span> <span class='ocrx_word' id='word_1_54' title='bbox 451 538 497 578; x_wconf 86' lang='lat' dir='ltr'>ad</span> <span class='ocrx_word' id='word_1_55' title='bbox 529 538 685 578; x_wconf 82' lang='lat' dir='ltr'>circulos</span> <span class='ocrx_word' id='word_1_56' title='bbox 716 536 895 590; x_wconf 80' lang='lat' dir='ltr'>sphoerae</span> <span class='ocrx_word' id='word_1_57' title='bbox 913 539 1080 579; x_wconf 81' lang='lat' dir='ltr'>coelestis</span> <span class='ocrx_word' id='word_1_58' title='bbox 1100 572 1111 592; x_wconf 77' lang='lat'>‚</span> <span class='ocrx_word' id='word_1_59' title='bbox 1130 552 1199 592; x_wconf 82' lang='lat' dir='ltr'>qua</span> <span class='ocrx_word' id='word_1_60' title='bbox 1220 540 1351 593; x_wconf 75' lang='lat' dir='ltr'>ignota</span> <span class='ocrx_word' id='word_1_61' title='bbox 1371 551 1465 579; x_wconf 87' lang='lat' dir='ltr'>mo-</span> 
     </span>
     <span class='ocr_line' id='line_1_7' title="bbox 152 600 1460 657; baseline -0.002 -11"><span class='ocrx_word' id='word_1_62' title='bbox 152 615 208 646; x_wconf 87' lang='lat' dir='ltr'>tus</span> <span class='ocrx_word' id='word_1_63' title='bbox 237 613 379 657; x_wconf 86' lang='lat' dir='ltr'>quoque</span> <span class='ocrx_word' id='word_1_64' title='bbox 411 600 597 642; x_wconf 80' lang='lat' dir='ltr'>discorum</span> <span class='ocrx_word' id='word_1_65' title='bbox 626 600 688 641; x_wconf 88' lang='lat' dir='ltr'>seu</span> <span class='ocrx_word' id='word_1_66' title='bbox 721 601 982 643; x_wconf 80' lang='lat' dir='ltr'>Luminarium</span> <span class='ocrx_word' id='word_1_67' title='bbox 1002 635 1012 655; x_wconf 88' lang='lat'>‚</span> <span class='ocrx_word' id='word_1_68' title='bbox 1058 612 1097 642; x_wconf 91' lang='lat' dir='ltr'>et</span> <span class='ocrx_word' id='word_1_69' title='bbox 1134 603 1218 644; x_wconf 79' lang='lat' dir='ltr'>situs</span> <span class='ocrx_word' id='word_1_70' title='bbox 1248 616 1379 644; x_wconf 85' lang='lat' dir='ltr'>eorum</span> <span class='ocrx_word' id='word_1_71' title='bbox 1412 603 1460 644; x_wconf 81' lang='lat' dir='ltr'>ad</span> 
     </span>
     <span class='ocr_line' id='line_1_8' title="bbox 153 665 1462 722; baseline -0.002 -13"><span class='ocrx_word' id='word_1_72' title='bbox 153 667 189 709; x_wconf 88' lang='lat' dir='ltr'>se</span> <span class='ocrx_word' id='word_1_73' title='bbox 219 668 374 707; x_wconf 89' lang='lat' dir='ltr'>inuicem</span> <span class='ocrx_word' id='word_1_74' title='bbox 407 666 445 704; x_wconf 92' lang='lat' dir='ltr'>in</span> <span class='ocrx_word' id='word_1_75' title='bbox 473 666 618 717; x_wconf 36' lang='lat' dir='ltr'>(coelis,</span> <span class='ocrx_word' id='word_1_76' title='bbox 646 665 772 718; x_wconf 78' lang='lat' dir='ltr'>ignoti</span> <span class='ocrx_word' id='word_1_77' title='bbox 792 676 972 706; x_wconf 78' lang='lat' dir='ltr'>manent.</span> <span class='ocrx_word' id='word_1_78' title='bbox 1029 666 1184 722; x_wconf 78' lang='lat' dir='ltr'>Quodfi</span> <span class='ocrx_word' id='word_1_79' title='bbox 1221 678 1342 708; x_wconf 83' lang='lat' dir='ltr'>autem</span> <span class='ocrx_word' id='word_1_80' title='bbox 1393 678 1462 720; x_wconf 82' lang='lat' dir='ltr'>per</span> 
     </span>
     <span class='ocr_line' id='line_1_9' title="bbox 153 728 1463 781; baseline -0.004 -8"><span class='ocrx_word' id='word_1_81' title='bbox 153 731 416 773; x_wconf 83' lang='lat' dir='ltr'>obseruationes</span> <span class='ocrx_word' id='word_1_82' title='bbox 443 728 538 781; x_wconf 80' lang='lat' dir='ltr'>has,</span> <span class='ocrx_word' id='word_1_83' title='bbox 571 728 759 768; x_wconf 83' lang='lat' dir='ltr'>inclinatio</span> <span class='ocrx_word' id='word_1_84' title='bbox 783 729 911 768; x_wconf 78' lang='lat' dir='ltr'>etiam</span> <span class='ocrx_word' id='word_1_85' title='bbox 951 729 1207 770; x_wconf 66' lang='lat' dir='ltr'>distantiarum</span> <span class='ocrx_word' id='word_1_86' title='bbox 1255 732 1303 771; x_wconf 80' lang='lat' dir='ltr'>ad</span> <span class='ocrx_word' id='word_1_87' title='bbox 1338 730 1370 769; x_wconf 91' lang='lat' dir='ltr'>se</span> <span class='ocrx_word' id='word_1_88' title='bbox 1404 733 1463 769; x_wconf 91' lang='lat' dir='ltr'>in-</span> 
     </span>
     <span class='ocr_line' id='line_1_10' title="bbox 155 791 1464 846; baseline -0.005 -10"><span class='ocrx_word' id='word_1_89' title='bbox 155 796 278 836; x_wconf 77' lang='lat' dir='ltr'>vicem</span> <span class='ocrx_word' id='word_1_90' title='bbox 313 795 454 834; x_wconf 82' lang='lat' dir='ltr'>daretur</span> <span class='ocrx_word' id='word_1_91' title='bbox 472 825 482 844; x_wconf 91' lang='lat'>,</span> <span class='ocrx_word' id='word_1_92' title='bbox 517 791 689 846; x_wconf 75' lang='lat' dir='ltr'>potuisset</span> <span class='ocrx_word' id='word_1_93' title='bbox 738 793 823 832; x_wconf 85' lang='lat' dir='ltr'>inde</span> <span class='ocrx_word' id='word_1_94' title='bbox 862 793 1082 832; x_wconf 81' lang='lat' dir='ltr'>immediate</span> <span class='ocrx_word' id='word_1_95' title='bbox 1129 793 1284 833; x_wconf 89' lang='lat' dir='ltr'>inueniri</span> <span class='ocrx_word' id='word_1_96' title='bbox 1335 801 1464 832; x_wconf 84' lang='lat' dir='ltr'>motus</span> 
     </span>
     <span class='ocr_line' id='line_1_11' title="bbox 154 854 1466 909; baseline -0.004 -10"><span class='ocrx_word' id='word_1_97' title='bbox 154 858 411 900; x_wconf 79' lang='lat' dir='ltr'>Luminarium</span> <span class='ocrx_word' id='word_1_98' title='bbox 430 889 441 909; x_wconf 85' lang='lat'>,</span> <span class='ocrx_word' id='word_1_99' title='bbox 491 857 551 897; x_wconf 68' lang='lat' dir='ltr'>vel</span> <span class='ocrx_word' id='word_1_100' title='bbox 584 855 710 897; x_wconf 83' lang='lat' dir='ltr'>Lunae</span> <span class='ocrx_word' id='word_1_101' title='bbox 744 865 782 895; x_wconf 90' lang='lat' dir='ltr'>et</span> <span class='ocrx_word' id='word_1_102' title='bbox 815 856 972 896; x_wconf 68' lang='lat' dir='ltr'>Vmbrae</span> <span class='ocrx_word' id='word_1_103' title='bbox 1021 856 1219 896; x_wconf 84' lang='lat' dir='ltr'>Terrestris</span> <span class='ocrx_word' id='word_1_104' title='bbox 1252 869 1271 895; x_wconf 77' lang='lat' dir='ltr'>a</span> <span class='ocrx_word' id='word_1_105' title='bbox 1306 854 1337 894; x_wconf 67' lang='lat' dir='ltr'>ste</span> <span class='ocrx_word' id='word_1_106' title='bbox 1372 855 1466 895; x_wconf 83' lang='lat' dir='ltr'>inui-</span> 
     </span>
     <span class='ocr_line' id='line_1_12' title="bbox 155 918 1467 973; baseline -0.004 -11"><span class='ocrx_word' id='word_1_107' title='bbox 155 934 237 963; x_wconf 85' lang='lat' dir='ltr'>cem</span> <span class='ocrx_word' id='word_1_108' title='bbox 270 923 307 961; x_wconf 90' lang='lat' dir='ltr'>in</span> <span class='ocrx_word' id='word_1_109' title='bbox 340 922 401 960; x_wconf 86' lang='lat' dir='ltr'>via</span> <span class='ocrx_word' id='word_1_110' title='bbox 419 921 632 961; x_wconf 81' lang='lat' dir='ltr'>eorundem</span> <span class='ocrx_word' id='word_1_111' title='bbox 653 918 726 959; x_wconf 86' lang='lat' dir='ltr'>visa</span> <span class='ocrx_word' id='word_1_112' title='bbox 760 929 939 973; x_wconf 87' lang='lat' dir='ltr'>tempore</span> <span class='ocrx_word' id='word_1_113' title='bbox 956 919 1245 960; x_wconf 76' lang='lat' dir='ltr'>obseruationum</span> <span class='ocrx_word' id='word_1_114' title='bbox 1265 920 1435 959; x_wconf 78' lang='lat' dir='ltr'>obtinens</span> <span class='ocrx_word' id='word_1_115' title='bbox 1454 950 1467 970; x_wconf 89' lang='lat'>,</span> 
     </span>
     <span class='ocr_line' id='line_1_13' title="bbox 156 982 1465 1037; baseline -0.003 -12"><span class='ocrx_word' id='word_1_116' title='bbox 156 995 196 1026; x_wconf 87' lang='lat' dir='ltr'>et</span> <span class='ocrx_word' id='word_1_117' title='bbox 229 985 313 1025; x_wconf 87' lang='lat' dir='ltr'>inde</span> <span class='ocrx_word' id='word_1_118' title='bbox 346 985 492 1025; x_wconf 84' lang='lat' dir='ltr'>initium</span> <span class='ocrx_word' id='word_1_119' title='bbox 529 984 683 1037; x_wconf 82' lang='lat' dir='ltr'>finisque</span> <span class='ocrx_word' id='word_1_120' title='bbox 716 982 896 1036; x_wconf 63' lang='lat' dir='ltr'>&gt;eclipseos</span> <span class='ocrx_word' id='word_1_121' title='bbox 935 983 1215 1037; x_wconf 37' lang='lat' dir='ltr'>⁴determinari3</span> <span class='ocrx_word' id='word_1_122' title='bbox 1268 983 1293 1022; x_wconf 85' lang='lat' dir='ltr'>fi</span> <span class='ocrx_word' id='word_1_123' title='bbox 1329 982 1465 1023; x_wconf 84' lang='lat' dir='ltr'>alteru-</span> 
     </span>
     <span class='ocr_line' id='line_1_14' title="bbox 155 1045 1470 1100; baseline -0.004 -11"><span class='ocrx_word' id='word_1_124' title='bbox 155 1059 258 1090; x_wconf 88' lang='lat' dir='ltr'>trum</span> <span class='ocrx_word' id='word_1_125' title='bbox 291 1060 421 1088; x_wconf 88' lang='lat' dir='ltr'>eornm</span> <span class='ocrx_word' id='word_1_126' title='bbox 455 1048 515 1087; x_wconf 71' lang='lat' dir='ltr'>vel</span> <span class='ocrx_word' id='word_1_127' title='bbox 547 1057 746 1100; x_wconf 65' lang='lat' dir='ltr'>‚Vtrumque</span> <span class='ocrx_word' id='word_1_128' title='bbox 769 1047 881 1089; x_wconf 79' lang='lat' dir='ltr'>,male</span> <span class='ocrx_word' id='word_1_129' title='bbox 901 1080 911 1098; x_wconf 86' lang='lat'>‚</span> <span class='ocrx_word' id='word_1_130' title='bbox 945 1045 1007 1086; x_wconf 85' lang='lat' dir='ltr'>vel</span> <span class='ocrx_word' id='word_1_131' title='bbox 1042 1045 1185 1100; x_wconf 85' lang='lat' dir='ltr'>prorsus</span> <span class='ocrx_word' id='word_1_132' title='bbox 1217 1058 1296 1085; x_wconf 91' lang='lat' dir='ltr'>non</span> <span class='ocrx_word' id='word_1_133' title='bbox 1346 1045 1470 1085; x_wconf 88' lang='lat' dir='ltr'>obser-</span> 
     </span>
     <span class='ocr_line' id='line_1_15' title="bbox 157 1107 1470 1164; baseline -0.005 -13"><span class='ocrx_word' id='word_1_134' title='bbox 157 1122 286 1152; x_wconf 83' lang='lat' dir='ltr'>vatum</span> <span class='ocrx_word' id='word_1_135' title='bbox 321 1111 455 1161; x_wconf 85' lang='lat' dir='ltr'>fuerit,</span> <span class='ocrx_word' id='word_1_136' title='bbox 510 1111 611 1164; x_wconf 86' lang='lat' dir='ltr'>quod</span> <span class='ocrx_word' id='word_1_137' title='bbox 653 1123 736 1162; x_wconf 58' lang='lat' dir='ltr'>‘pro</span> <span class='ocrx_word' id='word_1_138' title='bbox 756 1111 875 1149; x_wconf 53' lang='lat' dir='ltr'>*initio</span> <span class='ocrx_word' id='word_1_139' title='bbox 897 1120 947 1148; x_wconf 89' lang='lat' dir='ltr'>-et</span> <span class='ocrx_word' id='word_1_140' title='bbox 981 1109 1055 1148; x_wconf 85' lang='lat' dir='ltr'>fine</span> <span class='ocrx_word' id='word_1_141' title='bbox 1081 1109 1267 1160; x_wconf 78' lang='lat' dir='ltr'>eclipseos</span> <span class='ocrx_word' id='word_1_142' title='bbox 1315 1107 1470 1146; x_wconf 84' lang='lat' dir='ltr'>Lunaris</span> 
     </span>
     <span class='ocr_line' id='line_1_16' title="bbox 157 1168 1468 1225; baseline -0.003 -11"><span class='ocrx_word' id='word_1_143' title='bbox 157 1185 248 1215; x_wconf 83' lang='lat' dir='ltr'>vero</span> <span class='ocrx_word' id='word_1_144' title='bbox 281 1173 505 1210; x_wconf 85' lang='lat' dir='ltr'>inueniendo</span> <span class='ocrx_word' id='word_1_145' title='bbox 539 1172 846 1210; x_wconf 86' lang='lat' dir='ltr'>commodiffime</span> <span class='ocrx_word' id='word_1_146' title='bbox 877 1170 1248 1225; x_wconf 71' lang='lat' dir='ltr'>inseruirepotuisl‘et.</span> <span class='ocrx_word' id='word_1_147' title='bbox 1283 1168 1320 1211; x_wconf 78' lang='lat' dir='ltr'>Si</span> <span class='ocrx_word' id='word_1_148' title='bbox 1340 1179 1468 1210; x_wconf 80' lang='lat' dir='ltr'>autem</span> 
     </span>
     <span class='ocr_line' id='line_1_17' title="bbox 156 1233 1469 1291; baseline -0.002 -16"><span class='ocrx_word' id='word_1_149' title='bbox 156 1246 270 1291; x_wconf 87' lang='lat' dir='ltr'>porro</span> <span class='ocrx_word' id='word_1_150' title='bbox 299 1234 490 1273; x_wconf 77' lang='lat' dir='ltr'>inclinatio</span> <span class='ocrx_word' id='word_1_151' title='bbox 520 1233 771 1273; x_wconf 79' lang='lat' dir='ltr'>distantiarum</span> <span class='ocrx_word' id='word_1_152' title='bbox 801 1233 946 1274; x_wconf 79' lang='lat' dir='ltr'>illarum</span> <span class='ocrx_word' id='word_1_153' title='bbox 968 1234 1011 1273; x_wconf 82' lang='lat' dir='ltr'>ad</span> <span class='ocrx_word' id='word_1_154' title='bbox 1031 1234 1182 1274; x_wconf 78' lang='lat' dir='ltr'>circulos</span> <span class='ocrx_word' id='word_1_155' title='bbox 1200 1234 1314 1274; x_wconf 76' lang='lat' dir='ltr'>etiam</span> <span class='ocrx_word' id='word_1_156' title='bbox 1335 1233 1469 1286; x_wconf 89' lang='lat' dir='ltr'>sphoe-</span> 
     </span>
     <span class='ocr_line' id='line_1_18' title="bbox 155 1295 1474 1350; baseline -0.002 -12"><span class='ocrx_word' id='word_1_157' title='bbox 155 1311 216 1340; x_wconf 85' lang='lat' dir='ltr'>rae</span> <span class='ocrx_word' id='word_1_158' title='bbox 249 1296 416 1336; x_wconf 84' lang='lat' dir='ltr'>coelestis</span> <span class='ocrx_word' id='word_1_159' title='bbox 443 1295 670 1345; x_wconf 65' lang='lat' dir='ltr'>haberetur,</span> <span class='ocrx_word' id='word_1_160' title='bbox 695 1296 878 1350; x_wconf 56' lang='lat' dir='ltr'>apotuisset</span> <span class='ocrx_word' id='word_1_161' title='bbox 910 1309 959 1336; x_wconf 89' lang='lat' dir='ltr'>ex</span> <span class='ocrx_word' id='word_1_162' title='bbox 993 1296 1049 1336; x_wconf 90' lang='lat' dir='ltr'>his</span> <span class='ocrx_word' id='word_1_163' title='bbox 1075 1297 1391 1337; x_wconf 78' lang='lat' dir='ltr'>obieruationibus</span> <span class='ocrx_word' id='word_1_164' title='bbox 1408 1302 1474 1337; x_wconf 88' lang='lat' dir='ltr'>de-</span> 
     </span>
     <span class='ocr_line' id='line_1_19' title="bbox 154 1358 1472 1414; baseline -0.003 -11"><span class='ocrx_word' id='word_1_165' title='bbox 154 1361 236 1403; x_wconf 89' lang='lat' dir='ltr'>duci</span> <span class='ocrx_word' id='word_1_166' title='bbox 269 1371 393 1400; x_wconf 80' lang='lat' dir='ltr'>motus</span> <span class='ocrx_word' id='word_1_167' title='bbox 427 1358 686 1400; x_wconf 77' lang='lat' dir='ltr'>Luminarium</span> <span class='ocrx_word' id='word_1_168' title='bbox 720 1372 739 1399; x_wconf 75' lang='lat' dir='ltr'>a</span> <span class='ocrx_word' id='word_1_169' title='bbox 775 1359 807 1399; x_wconf 91' lang='lat' dir='ltr'>se</span> <span class='ocrx_word' id='word_1_170' title='bbox 842 1362 1001 1401; x_wconf 86' lang='lat' dir='ltr'>inuicem</span> <span class='ocrx_word' id='word_1_171' title='bbox 1037 1361 1074 1400; x_wconf 91' lang='lat' dir='ltr'>in</span> <span class='ocrx_word' id='word_1_172' title='bbox 1109 1361 1281 1414; x_wconf 85' lang='lat' dir='ltr'>ecliptica</span> <span class='ocrx_word' id='word_1_173' title='bbox 1314 1366 1373 1399; x_wconf 75' lang='lat' dir='ltr'>vel</span> <span class='ocrx_word' id='word_1_174' title='bbox 1410 1371 1472 1400; x_wconf 80' lang='lat' dir='ltr'>ae-</span> 
     </span>
     <span class='ocr_line' id='line_1_20' title="bbox 157 1421 1470 1479; baseline -0.002 -15"><span class='ocrx_word' id='word_1_175' title='bbox 157 1434 310 1479; x_wconf 78' lang='lat' dir='ltr'>quatore</span> <span class='ocrx_word' id='word_1_176' title='bbox 345 1421 464 1473; x_wconf 78' lang='lat' dir='ltr'>visus,</span> <span class='ocrx_word' id='word_1_177' title='bbox 503 1435 591 1462; x_wconf 85' lang='lat' dir='ltr'>cum</span> <span class='ocrx_word' id='word_1_178' title='bbox 642 1422 861 1464; x_wconf 84' lang='lat' dir='ltr'>differentiis</span> <span class='ocrx_word' id='word_1_179' title='bbox 902 1425 1204 1465; x_wconf 61' lang='lat' dir='ltr'>,declinationum</span> <span class='ocrx_word' id='word_1_180' title='bbox 1238 1433 1274 1463; x_wconf 79' lang='lat' dir='ltr'>ct</span> <span class='ocrx_word' id='word_1_181' title='bbox 1307 1424 1470 1464; x_wconf 81' lang='lat' dir='ltr'>latitudi-</span> 
     </span>
     <span class='ocr_line' id='line_1_21' title="bbox 160 1485 1469 1539; baseline -0.002 -11"><span class='ocrx_word' id='word_1_182' title='bbox 160 1499 249 1529; x_wconf 80' lang='lat' dir='ltr'>num</span> <span class='ocrx_word' id='word_1_183' title='bbox 272 1519 281 1537; x_wconf 86' lang='lat'>‚</span> <span class='ocrx_word' id='word_1_184' title='bbox 314 1485 578 1539; x_wconf 79' lang='lat' dir='ltr'>inclinatioque</span> <span class='ocrx_word' id='word_1_185' title='bbox 602 1488 691 1526; x_wconf 68' lang='lat' dir='ltr'>viae</span> <span class='ocrx_word' id='word_1_186' title='bbox 727 1488 940 1528; x_wconf 45' lang='lat' dir='ltr'>‘mobilium</span> <span class='ocrx_word' id='word_1_187' title='bbox 975 1501 996 1527; x_wconf 83' lang='lat' dir='ltr'>a</span> <span class='ocrx_word' id='word_1_188' title='bbox 1028 1487 1061 1527; x_wconf 83' lang='lat' dir='ltr'>se</span> <span class='ocrx_word' id='word_1_189' title='bbox 1095 1490 1256 1528; x_wconf 85' lang='lat' dir='ltr'>inuicem</span> <span class='ocrx_word' id='word_1_190' title='bbox 1296 1487 1390 1526; x_wconf 77' lang='lat' dir='ltr'>visae</span> <span class='ocrx_word' id='word_1_191' title='bbox 1422 1485 1469 1526; x_wconf 80' lang='lat' dir='ltr'>ad</span> 
     </span>
     <span class='ocr_line' id='line_1_22' title="bbox 162 1549 1472 1604; baseline -0.002 -13"><span class='ocrx_word' id='word_1_192' title='bbox 162 1550 372 1603; x_wconf 81' lang='lat' dir='ltr'>eclipticam</span> <span class='ocrx_word' id='word_1_193' title='bbox 407 1549 467 1588; x_wconf 84' lang='lat' dir='ltr'>vel</span> <span class='ocrx_word' id='word_1_194' title='bbox 499 1559 733 1602; x_wconf 77' lang='lat' dir='ltr'>aequatorem</span> <span class='ocrx_word' id='word_1_195' title='bbox 753 1583 764 1603; x_wconf 89' lang='lat'>,</span> <span class='ocrx_word' id='word_1_196' title='bbox 798 1560 834 1590; x_wconf 91' lang='lat' dir='ltr'>et</span> <span class='ocrx_word' id='word_1_197' title='bbox 866 1551 983 1591; x_wconf 80' lang='lat' dir='ltr'>multa</span> <span class='ocrx_word' id='word_1_198' title='bbox 1018 1553 1052 1591; x_wconf 86' lang='lat' dir='ltr'>id</span> <span class='ocrx_word' id='word_1_199' title='bbox 1087 1563 1199 1604; x_wconf 83' lang='lat' dir='ltr'>genus</span> <span class='ocrx_word' id='word_1_200' title='bbox 1233 1551 1301 1590; x_wconf 80' lang='lat' dir='ltr'>alia</span> <span class='ocrx_word' id='word_1_201' title='bbox 1322 1550 1366 1589; x_wconf 69' lang='lat' dir='ltr'>nd</span> <span class='ocrx_word' id='word_1_202' title='bbox 1389 1562 1472 1602; x_wconf 85' lang='lat' dir='ltr'>per-</span> 
     </span>
     <span class='ocr_line' id='line_1_23' title="bbox 163 1612 1470 1667; baseline -0.001 -14"><span class='ocrx_word' id='word_1_203' title='bbox 163 1613 364 1654; x_wconf 83' lang='lat' dir='ltr'>ficiendam</span> <span class='ocrx_word' id='word_1_204' title='bbox 397 1612 681 1653; x_wconf 81' lang='lat' dir='ltr'>Astronomiam</span> <span class='ocrx_word' id='word_1_205' title='bbox 716 1614 882 1654; x_wconf 85' lang='lat' dir='ltr'>multum</span> <span class='ocrx_word' id='word_1_206' title='bbox 901 1614 1082 1654; x_wconf 77' lang='lat' dir='ltr'>facientia.</span> <span class='ocrx_word' id='word_1_207' title='bbox 1119 1614 1194 1654; x_wconf 92' lang='lat' dir='ltr'>Sed</span> <span class='ocrx_word' id='word_1_208' title='bbox 1240 1614 1470 1667; x_wconf 79' lang='lat' dir='ltr'>positionem</span> 
     </span>
     <span class='ocr_line' id='line_1_24' title="bbox 161 1676 1471 1729; baseline 0 -13"><span class='ocrx_word' id='word_1_209' title='bbox 161 1677 406 1716; x_wconf 76' lang='lat' dir='ltr'>distantiarum</span> <span class='ocrx_word' id='word_1_210' title='bbox 443 1676 591 1717; x_wconf 79' lang='lat' dir='ltr'>illarum</span> <span class='ocrx_word' id='word_1_211' title='bbox 624 1678 669 1717; x_wconf 73' lang='lat' dir='ltr'>ad</span> <span class='ocrx_word' id='word_1_212' title='bbox 702 1677 737 1717; x_wconf 92' lang='lat' dir='ltr'>se</span> <span class='ocrx_word' id='word_1_213' title='bbox 759 1679 927 1718; x_wconf 55' lang='lat' dir='ltr'>&gt;inuicem</span> <span class='ocrx_word' id='word_1_214' title='bbox 963 1678 1132 1729; x_wconf 73' lang='lat' dir='ltr'>nullam,</span> <span class='ocrx_word' id='word_1_215' title='bbox 1170 1678 1214 1718; x_wconf 75' lang='lat' dir='ltr'>ad</span> <span class='ocrx_word' id='word_1_216' title='bbox 1234 1679 1389 1717; x_wconf 78' lang='lat' dir='ltr'>circulos</span> <span class='ocrx_word' id='word_1_217' title='bbox 1406 1690 1471 1716; x_wconf 79' lang='lat' dir='ltr'>au-</span> 
     </span>
     <span class='ocr_line' id='line_1_25' title="bbox 165 1737 1470 1794; baseline 0.002 -17"><span class='ocrx_word' id='word_1_218' title='bbox 165 1748 245 1777; x_wconf 87' lang='lat' dir='ltr'>tem</span> <span class='ocrx_word' id='word_1_219' title='bbox 288 1737 467 1788; x_wconf 77' lang='lat' dir='ltr'>sphoerae</span> <span class='ocrx_word' id='word_1_220' title='bbox 501 1740 667 1778; x_wconf 86' lang='lat' dir='ltr'>coelestis</span> <span class='ocrx_word' id='word_1_221' title='bbox 701 1743 849 1782; x_wconf 79' lang='lat' dir='ltr'>vnicam</span> <span class='ocrx_word' id='word_1_222' title='bbox 901 1751 1046 1781; x_wconf 74' lang='lat' dir='ltr'>tantum</span> <span class='ocrx_word' id='word_1_223' title='bbox 1069 1774 1079 1792; x_wconf 88' lang='lat'>,</span> <span class='ocrx_word' id='word_1_224' title='bbox 1129 1742 1174 1781; x_wconf 83' lang='lat' dir='ltr'>ad</span> <span class='ocrx_word' id='word_1_225' title='bbox 1225 1751 1470 1794; x_wconf 73' lang='lat' dir='ltr'>aequatoiem</span> 
     </span>
     <span class='ocr_line' id='line_1_26' title="bbox 167 1801 1473 1854; baseline 0.002 -15"><span class='ocrx_word' id='word_1_226' title='bbox 167 1811 311 1851; x_wconf 85' lang='lat' dir='ltr'>nempe</span> <span class='ocrx_word' id='word_1_227' title='bbox 345 1801 715 1852; x_wconf 77' lang='lat' dir='ltr'>perpendicularem,</span> <span class='ocrx_word' id='word_1_228' title='bbox 749 1815 815 1854; x_wconf 87' lang='lat' dir='ltr'>per</span> <span class='ocrx_word' id='word_1_229' title='bbox 848 1805 1122 1842; x_wconf 82' lang='lat' dir='ltr'>micrometron</span> <span class='ocrx_word' id='word_1_230' title='bbox 1156 1804 1252 1843; x_wconf 80' lang='lat' dir='ltr'>Hiiii</span> <span class='ocrx_word' id='word_1_231' title='bbox 1285 1804 1473 1854; x_wconf 83' lang='lat' dir='ltr'>hucusque</span> 
     </span>
     <span class='ocr_line' id='line_1_27' title="bbox 169 1863 1476 1915; baseline 0.001 -12"><span class='ocrx_word' id='word_1_232' title='bbox 169 1863 357 1903; x_wconf 79' lang='lat' dir='ltr'>obseruare</span> <span class='ocrx_word' id='word_1_233' title='bbox 389 1872 591 1915; x_wconf 83' lang='lat' dir='ltr'>potuerunt</span> <span class='ocrx_word' id='word_1_234' title='bbox 629 1864 866 1905; x_wconf 85' lang='lat' dir='ltr'>Astronomi.</span> <span class='ocrx_word' id='word_1_235' title='bbox 949 1864 1024 1905; x_wconf 85' lang='lat' dir='ltr'>Sed</span> <span class='ocrx_word' id='word_1_236' title='bbox 1057 1875 1094 1905; x_wconf 91' lang='lat' dir='ltr'>et</span> <span class='ocrx_word' id='word_1_237' title='bbox 1128 1866 1219 1906; x_wconf 70' lang='lat' dir='ltr'>haec</span> <span class='ocrx_word' id='word_1_238' title='bbox 1270 1866 1476 1906; x_wconf 70' lang='lat' dir='ltr'>obstruatio</span> 
     </span>
     <span class='ocr_line' id='line_1_28' title="bbox 171 1925 1479 1982; baseline 0.002 -16"><span class='ocrx_word' id='word_1_239' title='bbox 171 1926 331 1966; x_wconf 80' lang='lat' dir='ltr'>adhibita</span> <span class='ocrx_word' id='word_1_240' title='bbox 365 1925 538 1966; x_wconf 81' lang='lat' dir='ltr'>machina</span> <span class='ocrx_word' id='word_1_241' title='bbox 576 1928 806 1979; x_wconf 68' lang='lat' dir='ltr'>parallaffica</span> <span class='ocrx_word' id='word_1_242' title='bbox 842 1928 966 1969; x_wconf 84' lang='lat' dir='ltr'>multis</span> <span class='ocrx_word' id='word_1_243' title='bbox 998 1930 1111 1982; x_wconf 81' lang='lat' dir='ltr'>iisqne</span> <span class='ocrx_word' id='word_1_244' title='bbox 1150 1930 1260 1970; x_wconf 68' lang='lat' dir='ltr'>valde</span> <span class='ocrx_word' id='word_1_245' title='bbox 1311 1928 1479 1982; x_wconf 78' lang='lat' dir='ltr'>operosis</span> 
     </span>
     <span class='ocr_line' id='line_1_29' title="bbox 172 1989 1475 2046; baseline 0.002 -18"><span class='ocrx_word' id='word_1_246' title='bbox 172 1999 209 2028; x_wconf 91' lang='lat' dir='ltr'>et</span> <span class='ocrx_word' id='word_1_247' title='bbox 243 1989 384 2029; x_wconf 86' lang='lat' dir='ltr'>lubricis</span> <span class='ocrx_word' id='word_1_248' title='bbox 415 1990 692 2031; x_wconf 79' lang='lat' dir='ltr'>circumstantiis</span> <span class='ocrx_word' id='word_1_249' title='bbox 712 2023 721 2039; x_wconf 81' lang='grc'><em>,</em></span> <span class='ocrx_word' id='word_1_250' title='bbox 760 2004 846 2032; x_wconf 81' lang='lat' dir='ltr'>cum</span> <span class='ocrx_word' id='word_1_251' title='bbox 884 1995 919 2031; x_wconf 89' lang='lat' dir='ltr'>in</span> <span class='ocrx_word' id='word_1_252' title='bbox 953 1992 1017 2042; x_wconf 83' lang='lat' dir='ltr'>se,</span> <span class='ocrx_word' id='word_1_253' title='bbox 1069 2003 1146 2033; x_wconf 85' lang='lat' dir='ltr'>tum</span> <span class='ocrx_word' id='word_1_254' title='bbox 1180 2003 1286 2046; x_wconf 58' lang='lat' dir='ltr'>extra</span> <span class='ocrx_word' id='word_1_255' title='bbox 1322 1991 1355 2031; x_wconf 88' lang='lat' dir='ltr'>se</span> <span class='ocrx_word' id='word_1_256' title='bbox 1378 2023 1389 2043; x_wconf 81' lang='lat'>,</span> <span class='ocrx_word' id='word_1_257' title='bbox 1423 1993 1475 2031; x_wconf 84' lang='lat' dir='ltr'>la-</span> 
     </span>
     <span class='ocr_line' id='line_1_30' title="bbox 174 2052 1476 2108; baseline 0.002 -17"><span class='ocrx_word' id='word_1_258' title='bbox 174 2052 324 2092; x_wconf 75' lang='lat' dir='ltr'>borante</span> <span class='ocrx_word' id='word_1_259' title='bbox 346 2082 357 2101; x_wconf 84' lang='lat'>‚</span> <span class='ocrx_word' id='word_1_260' title='bbox 392 2065 467 2092; x_wconf 88' lang='lat' dir='ltr'>non</span> <span class='ocrx_word' id='word_1_261' title='bbox 500 2053 572 2094; x_wconf 79' lang='lat' dir='ltr'>sine</span> <span class='ocrx_word' id='word_1_262' title='bbox 606 2068 744 2108; x_wconf 78' lang='lat' dir='ltr'>magno</span> <span class='ocrx_word' id='word_1_263' title='bbox 775 2056 908 2096; x_wconf 70' lang='lat' dir='ltr'>erroris</span> <span class='ocrx_word' id='word_1_264' title='bbox 942 2057 1110 2108; x_wconf 88' lang='lat' dir='ltr'>periculo</span> <span class='ocrx_word' id='word_1_265' title='bbox 1136 2057 1342 2096; x_wconf 83' lang='lat' dir='ltr'>instituitur.</span> <span class='ocrx_word' id='word_1_266' title='bbox 1378 2055 1476 2095; x_wconf 81' lang='lat' dir='ltr'>Axis</span> 
     </span>
     <span class='ocr_line' id='line_1_31' title="bbox 174 2115 1476 2173; baseline 0.002 -18"><span class='ocrx_word' id='word_1_267' title='bbox 174 2116 276 2156; x_wconf 84' lang='lat' dir='ltr'>enim</span> <span class='ocrx_word' id='word_1_268' title='bbox 308 2115 505 2157; x_wconf 79' lang='lat' dir='ltr'>machinae</span> <span class='ocrx_word' id='word_1_269' title='bbox 534 2117 667 2173; x_wconf 77' lang='lat' dir='ltr'>huius,</span> <span class='ocrx_word' id='word_1_270' title='bbox 686 2119 957 2173; x_wconf 69' lang='lat' dir='ltr'>prohoccnsu</span> <span class='ocrx_word' id='word_1_271' title='bbox 976 2152 987 2171; x_wconf 84' lang='lat'>,</span> <span class='ocrx_word' id='word_1_272' title='bbox 1019 2121 1081 2160; x_wconf 79' lang='lat' dir='ltr'>axi</span> <span class='ocrx_word' id='word_1_273' title='bbox 1099 2121 1345 2160; x_wconf 79' lang='lat' dir='ltr'>conuersionis</span> <span class='ocrx_word' id='word_1_274' title='bbox 1371 2121 1476 2159; x_wconf 80' lang='lat' dir='ltr'>diur-</span> 
     </span>
    </p>
   </div>
   <div class='ocr_carea' id='block_1_3' title="bbox 733 2179 1476 2237">
    <p class='ocr_par' dir='ltr' id='par_1_3' title="bbox 733 2179 1476 2237">
     <span class='ocr_line' id='line_1_32' title="bbox 733 2179 1476 2237; baseline -0.004 -13"><span class='ocrx_word' id='word_1_275' title='bbox 733 2179 773 2224; x_wconf 89' lang='lat' dir='ltr'>G</span> <span class='ocrx_word' id='word_1_276' title='bbox 806 2195 830 2237; x_wconf 87' lang='lat' dir='ltr'>g</span> <span class='ocrx_word' id='word_1_277' title='bbox 863 2195 888 2237; x_wconf 86' lang='lat' dir='ltr'>g</span> <span class='ocrx_word' id='word_1_278' title='bbox 923 2195 946 2221; x_wconf 90' lang='lat'>2</span> <span class='ocrx_word' id='word_1_279' title='bbox 1407 2192 1476 2223; x_wconf 81' lang='lat' dir='ltr'>nae</span> 
     </span>
    </p>
   </div>
  </div>
 </body>
</html>
