1971 2700
517 195 572 236 4¹
582 195 610 232 4
783 175 914 223 MET
912 174 1079 224 HODV
1079 172 1114 221 S
1148 173 1514 221 OBSERVANDI

513 293 619 336 chius
649 292 801 350 quidem
833 294 879 334 ad
912 291 988 334 hoc
1020 291 1098 332 duo
1132 290 1188 332 sua
1220 293 1490 333 micromentra
1522 290 1689 345 duosque
1717 294 1831 337 obser.

514 369 663 399 vatores
714 359 869 412 requirit
890 390 900 408 ‚
950 368 1114 409 quorum
1163 357 1255 396 alter
1306 357 1521 397 distantiam
1552 368 1572 395 a
1606 355 1641 396 se
1674 356 1836 401 inuicem

516 435 705 463 cornuum
757 419 916 473 phalcos
936 453 946 470 ,
995 419 1087 459 alter
1119 417 1249 473 phasin
1282 419 1490 474 eclipseos,
1541 417 1596 460 seu
1627 420 1838 462 distantiam

520 487 732 525 maximam
769 483 978 523 limborum
1019 481 1105 522 disti
1153 484 1376 525 obscurantis
1426 484 1587 537 discique
1639 483 1842 538 eclipfiantis

516 548 653 588 eodem
689 556 896 588 momento
929 547 1116 601 temporis
1146 546 1338 588 obseruare
1368 549 1510 589 debet:
1545 546 1619 588 Sed
1652 549 1739 602 quia
1772 548 1846 589 ob·

514 611 718 652 seruatores
748 624 827 652 non
861 611 996 652 eadem
1029 612 1255 652 dexteritate
1289 625 1369 653 rem
1398 611 1629 666 expediendi
1657 612 1806 666 pollent
1826 643 1839 663 ‚

516 675 732 731 punCtaquc
773 675 999 717 obseruanda
1031 676 1104 716 alia
1154 675 1290 717 facilius
1349 675 1538 718 difficilius
1578 676 1645 716 alia
1695 689 1766 731 per
1805 676 1842 716 se

518 739 702 781 obseruari
738 741 913 794 possunt,
946 740 1034 780 inde
1069 739 1144 789 fit,
1179 750 1223 780 vt
1255 741 1346 782 dum
1379 753 1476 782 vnus
1505 751 1636 781 corum
1674 740 1844 781 cochleas

517 806 758 845 mictomctri
792 805 838 845 ad
874 803 1014 858 puncta
1049 801 1107 843 sua
1141 805 1262 857 probe
1295 805 1432 845 direxit
1453 839 1462 857 ,
1495 806 1585 846 alter
1616 805 1745 858 dirigit
1778 804 1841 846 ad-

515 866 589 908 huc
610 901 621 921 ,
653 879 691 909 et
725 869 750 910 si
784 868 876 908 alter
912 868 1004 908 bene
1037 868 1216 908 direxerit
1236 901 1246 919 ,
1279 869 1382 922 prior
1412 870 1545 910 iterum
1582 869 1741 923 dirigere
1774 867 1841 909 de-

514 931 578 972 bet
598 962 609 980 ‚
644 942 684 972 et
718 932 765 973 fic
799 944 951 986 porro,
987 931 1126 986 puncta
1158 936 1264 973 enim
1298 933 1358 974 illa
1379 967 1390 986 ,
1424 946 1587 987 quorum
1629 933 1841 974 distantiam

515 995 730 1036 mensurant
750 1029 761 1048 ,
793 997 831 1036 in
865 995 943 1036 istu
977 996 1078 1036 oculi
1110 995 1223 1037 elocis
1257 995 1323 1037 suis
1355 1009 1498 1038 exeunt
1519 1031 1529 1050 ,
1549 998 1745 1052 statimque
1771 997 1836 1037 ali-

514 1069 573 1099 ter
605 1070 682 1100 tam
718 1062 816 1101 inter
848 1060 883 1100 se
903 1093 913 1112 ,
947 1072 1060 1113 quam
1097 1059 1267 1114 respectu
1319 1061 1560 1101 cochlearum
1612 1070 1838 1114 ponuntur:

513 1122 608 1162 adeo
641 1133 685 1162 vt
720 1125 892 1163 maxime
925 1123 1079 1164 difficile
1113 1124 1155 1164 sit
1176 1157 1186 1176 ,
1222 1124 1356 1164 multas
1388 1125 1449 1165 vel
1484 1135 1671 1165 accuratas
1703 1125 1740 1165 id
1777 1136 1842 1179 ge·

515 1197 583 1226 nus
618 1186 897 1226 obsoni-itiones
929 1198 1005 1240 ope
1039 1188 1274 1226 mictomctri
1316 1187 1423 1227 liuius
1472 1189 1645 1228 obtinere
1666 1221 1676 1239 ,
1730 1200 1843 1242 prae-

514 1248 640 1289 sertim
675 1259 802 1289 autem
837 1250 874 1288 in
911 1250 1299 1303 peregrinationibus,
1333 1250 1397 1290 vbi
1439 1263 1508 1290 ncc
1541 1252 1619 1291 duo
1670 1251 1842 1294 obserua-

515 1321 618 1353 tores
649 1311 747 1353 bene
789 1313 1018 1363 exercitati,
1071 1324 1138 1353 nec
1171 1314 1274 1353 locus
1307 1313 1354 1353 ad
1387 1313 1657 1356 obieruationes
1687 1328 1709 1355 a
1741 1317 1843 1357 duo-

514 1376 581 1417 bus
611 1375 904 1418 obscruatmibus
936 1375 1171 1416 instituendas
1202 1376 1430 1416 commodus
1451 1375 1553 1416 fficilc
1572 1379 1689 1418 adcffc
1707 1379 1840 1443 ptest.

517 1441 581 1482 Ad
613 1440 711 1482 Hirii
743 1441 1021 1482 mictomctron
1058 1440 1362 1494 methodumque
1396 1453 1467 1494 per
1499 1441 1586 1481 illud
1625 1441 1843 1484 obseruandi

517 1518 538 1546 a
571 1504 709 1547 Rostio
741 1505 963 1560 descriptam
996 1505 1095 1559 qnod
1145 1506 1309 1557 attinet,
1362 1504 1399 1545 in
1433 1505 1492 1545 illa
1526 1506 1654 1545 micus
1685 1506 1839 1559 quidem

517 1568 730 1610 obseruator
760 1570 805 1611 ad
839 1569 1138 1610 obseruationem
1190 1569 1286 1609 lianc
1328 1569 1590 1610 instituendam
1626 1570 1841 1624 requiritur,

515 1633 574 1674 sed
610 1635 668 1674 cui
703 1635 853 1686 multa,
887 1647 1000 1688 eaque
1034 1636 1207 1674 maxime
1241 1632 1405 1675 difficilia
1441 1636 1594 1688 negotia
1630 1634 1737 1674 simul
1770 1646 1842 1675 ex-

517 1699 700 1750 pedienda
735 1698 842 1739 lunt:
876 1699 987 1738 debet
1019 1699 1123 1738 enim
1160 1699 1187 1738 is
1208 1731 1218 1749 ,
1253 1698 1447 1751 dirigendo
1498 1699 1667 1752 repetitis
1699 1698 1843 1738 vicibus

517 1762 697 1815 capillum
733 1763 896 1816 aliquem
929 1763 1166 1802 micromctri
1202 1763 1445 1802 immobilem
1480 1763 1522 1802 ad
1559 1762 1715 1802 limbum
1749 1762 1843 1802 alte-

519 1827 652 1866 rutrius
703 1826 785 1866 disci
823 1827 860 1867 in
896 1826 960 1867 {itu
994 1826 1121 1880 capilli
1156 1826 1202 1865 ad
1235 1838 1377 1865 cornua
1423 1825 1577 1880 phascos
1631 1825 1840 1879 parallelo,

518 1889 669 1929 fialicioe
704 1889 897 1932 obseruare
931 1891 1122 1944 temporis
1163 1901 1442 1942 momentum,
1493 1889 1642 1942 quando
1691 1890 1841 1931 alterius

518 1954 602 1991 disci
641 1954 772 1994 limbus
804 1955 960 1995 alterum
996 1955 1175 2007 capillum
1214 1953 1455 1994 immobilem
1492 1952 1596 1992 simul
1629 1966 1716 1994 rum
1738 1966 1840 2008 prio-

517 2016 546 2054 ri
583 2016 724 2067 stringit
746 2050 755 2066 ,
789 2020 1001 2069 codemque
1034 2026 1270 2067 momento,
1308 2029 1384 2068 quo
1418 2016 1492 2055 hoc
1535 2018 1696 2068 accidit,
1746 2016 1840 2057 diri-

516 2090 605 2131 gere
641 2090 789 2118 tenetur
822 2082 1000 2134 capillum
1035 2081 1271 2121 mictomctri
1308 2080 1492 2119 mobilem
1513 2080 1557 2120 ad
1587 2093 1727 2120 cornua
1749 2080 1841 2134 pha-

515 2141 590 2182 stos
610 2174 621 2195 ,
656 2152 696 2182 vt
729 2144 861 2184 eadem
899 2143 1007 2183 simul
1040 2156 1130 2184 cum
1166 2144 1351 2197 prioribus
1383 2144 1517 2185 exacte
1550 2145 1772 2199 contingat:
1801 2143 1836 2183 id

1733 2206 1835 2263 quod
