1971 2700
535 207 621 244 ηε
850 198 1083 253 »taeta«
1117 193 1212 253 )0)
1247 194 1480 250 ›efflet‹-

866 304 1531 371 ANEMOMETRVM

1082 400 1296 438 SVMMAM

739 466 1154 511 CELERITATVM
1188 464 1438 510 CVIVSVIS
1471 464 1649 509 VENTI

1069 534 1135 573 ET
1165 535 1311 573 SIMVL

645 642 648 644 .
676 596 1067 644 VARIATIONES
1100 598 1508 643 DIRECTIONVM
1542 593 1720 639 ILLIVS

1051 673 1341 718 INDICANS.

1092 741 1286 775 avemus.

916 855 920 858 .
983 793 1184 840 Michae‘le
1211 793 1447 852 Lomonosow.

898 929 1486 993 CONSTRVCTIO

1183 1050 1217 1094 1.

333 1164 476 1243 Ήέὲῑζ·
541 1156 830 1276 Conficiatur
889 1174 977 1206 rota
1039 1165 1136 1206 alata
1200 1163 1240 1204 A
1271 1197 1282 1215 ‚
1316 1165 1418 1205 cuius
1475 1163 1634 1217 singulae
1666 1164 1742 1206 alae
1799 1178 1856 1219 a,

415 1227 423 1235 ⁶
666 1241 828 1272 numero
868 1230 954 1280 16,
987 1228 1056 1270 sint
1100 1226 1266 1279 fagineae
1302 1239 1360 1276 24
1411 1226 1565 1279 pollices
1609 1228 1773 1281 longae,
1829 1243 1854 1268 2

541 1295 662 1348 latae,
697 1291 851 1335 craffitie
884 1303 980 1332 vero
1017 1293 1156 1333 lineam
1190 1291 1341 1330 vnicam
1378 1289 1476 1330 haud
1515 1289 1722 1343 superantes
1741 1323 1751 1341 ‚
1801 1302 1859 1331 at-

381 1375 430 1411 σε,
457 1385 488 1406 2,
543 1371 614 1414 que
648 1359 710 1400 axi
743 1357 766 1398 b
817 1354 957 1395 infixae
1000 1357 1080 1407 ita,
1115 1363 1157 1394 vt
1207 1353 1274 1395 fitu
1327 1352 1391 1393 suo
1440 1353 1487 1392 ad
1539 1364 1651 1393 axem
1702 1364 1858 1394 conuer-

543 1433 653 1475 gente
687 1419 851 1462 efficiant
904 1420 1057 1474 angulos
1078 1431 1132 1456 22
1166 1417 1393 1471 {graduum
1430 1414 1592 1456 Maioris
1618 1427 1711 1456 veto
1738 1415 1858 1456 firmi-

541 1487 627 1526 tatis
677 1483 793 1539 gratia
845 1482 1140 1538 constringantur
1173 1481 1240 1524 filo
1271 1481 1391 1524 ferreo
1422 1480 1614 1538 duplicato
1645 1480 1684 1520 in
1715 1493 1737 1522 c
1768 1489 1806 1522 et
1827 1493 1858 1535 g

546 1560 615 1604 per
650 1548 741 1603 ipssis
774 1546 948 1589 traiecto,

668 1707 764 1748 Axis
801 1706 825 1746 b
874 1716 941 1758 per
972 1702 1155 1745 foramina
1206 1705 1241 1744 in
1283 1703 1432 1745 summo
1481 1706 1650 1760 margine
1698 1704 1860 1759 capfiilae

550 1772 691 1826 ligneae
735 1767 942 1820 BCDE,
979 1769 1037 1808 cui
1069 1768 1269 1809 dimidium
1311 1769 1432 1809 dictae
1482 1780 1586 1809 rotae
1637 1770 1861 1820 includitur,

549 1836 724 1876 traiectus
744 1867 754 1886 ,
787 1845 948 1885 cumque
976 1842 1056 1871 rota
1078 1842 1224 1882 motuS,
1261 1832 1373 1872 dente
1391 1832 1419 1872 d
1442 1843 1562 1873 rotam
1583 1834 1694 1873 aliam
1716 1833 1743 1873 F
1769 1834 1862 1872 duos

550 1901 666 1952 pedes
693 1899 728 1937 in
746 1897 934 1938 diametro
952 1895 1155 1936 habentem
1175 1906 1212 1934 et
1237 1902 1320 1937 800
1339 1896 1509 1936 dentibus
1527 1896 1739 1934 instrufflm
1777 1908 1859 1935 mo-

549 1973 635 2001 veat
656 1995 666 2013 ,
685 1972 776 2014 quac
794 1971 985 2013 tympano
1021 1958 1049 2000 h
1082 1961 1144 1998 axi
1163 1957 1225 1997 suo
1243 1957 1360 1998 affixo
1377 1958 1604 2009 circumagat
1637 1967 1757 1997 rotam
1787 1969 1860 1998 ter-

548 2026 638 2064 tiam
674 2024 717 2063 Μ
737 2056 747 2073 ,
766 2023 906 2064 dimidii
940 2022 1110 2061 diametri
1130 2031 1167 2059 ct
1202 2020 1368 2058 dentibus
1404 2030 1494 2069 400
1518 2020 1722 2072 praeditam
1739 2053 1749 2070 ,
1769 2034 1858 2062 cum

550 2099 618 2127 axe
633 2095 659 2140 p
687 2086 860 2125 diametri
892 2082 1124 2138 iemipcdalis
1145 2112 1154 2132 ,
1191 2081 1426 2134 longitudine
1456 2095 1546 2123 vcro
1580 2088 1593 2133 ζ
1615 2083 1669 2124 (eu
1690 2092 1702 2131 ι
1721 2086 1863 2140 pollicis

548 2150 791 2203 adaequante.

1783 2210 1858 2254 111.
