1971 2700
323 172 695 225 VARIATJOMS
728 171 946 219 AVGERI
975 171 1204 220 POTEST.
1335 190 1425 232 207

115 295 357 350 plicationem
389 293 434 334 ad
468 289 637 332 mediam
680 286 893 329 Barometri
943 288 1179 330 altitudinem
1229 289 1427 331 inuenien-

116 359 205 398 dam
239 357 405 410 respuere
439 355 631 402 videatur,
665 351 911 392 nihilominus
942 362 1073 393 tamen
1095 385 1106 404 ,
1139 365 1225 393 cum
1271 353 1317 393 ab
1350 352 1421 394 hac

116 422 326 461 mutatione
373 417 553 473 quantitas
600 407 731 468 insigni
765 415 949 468 temporis
982 415 1176 457 interuallo
1204 415 1322 470 elapsa
1341 427 1421 456 non

112 483 313 536 discrepare
345 481 452 536 poffit
481 477 688 518 sensibiliter
707 511 718 530 ,
750 477 827 532 spes
857 478 908 519 est
957 478 1175 520 machinam
1223 479 1270 520 ad
1320 478 1422 521 hunc

111 545 217 587 vsum
250 541 526 586 accommodari
556 541 673 595 posse.

248 642 281 691 ξ.
300 648 369 688 27.
401 635 442 679 Si
475 650 571 678 vero
605 639 719 679 etiam
754 637 840 678 huic
875 639 915 678 in
948 639 1163 680 commodo
1196 639 1348 679 obuiam
1389 638 1418 678 i-

112 717 151 747 re
183 704 372 752 velimus,
405 702 545 755 poterit
564 714 649 754 pars
681 701 893 741 Barometri
926 700 1011 742 ΒΚ
1046 711 1169 742 tantae
1201 701 1420 754 amplitudi-

112 770 170 808 nis
202 768 303 819 fieri,
334 776 378 805 vt
410 776 569 804 omnem
606 765 838 804 mercurium
872 774 1048 817 tempore
1082 765 1337 817 experimenti
1368 775 1418 803 ex

114 829 250 871 vaseB
281 833 310 870 E
343 828 506 868 eiectum
540 828 702 880 recipere
736 826 874 880 potiit,
907 836 945 867 et
977 826 1163 867 orificium
1198 826 1236 865 H
1270 825 1415 874 claudi,

113 895 444 947 experimentoque
495 890 608 931 finito
629 922 639 940 ,
674 891 854 944 quantitas
903 890 1076 930 mercurii
1112 889 1173 930 sub
1222 888 1418 930 altitudine

110 955 314 997 barometri
354 954 482 995 initiali
516 954 553 994 in
603 954 825 994 barometro
877 953 1071 1006 stagnantis
1102 966 1123 992 a
1157 962 1237 992 tota
1269 951 1416 1006 quanti-

110 1027 185 1058 tate
218 1019 424 1068 mercurii,
457 1029 569 1070 quam
603 1017 857 1056 barometrum
891 1016 1056 1055 continet
1100 1014 1267 1056 subtrahi.
1334 1014 1419 1053 Tali

110 1083 251 1121 ratione
284 1080 482 1120 innotescet
516 1079 694 1132 quantitas
728 1078 845 1131 elapsa
881 1078 926 1117 ab
957 1077 1150 1117 altitudine
1192 1077 1422 1118 barometri-

108 1156 152 1184 ca
185 1144 308 1186 media
341 1152 378 1183 et
411 1142 601 1181 altitudine
633 1138 671 1180 G
705 1139 739 1179 C
771 1141 1000 1180 coniunctim
1036 1140 1221 1192 pendens.

223 1238 257 1284 §.
285 1242 352 1276 28.
390 1233 561 1275 Fortassis
592 1234 707 1274 etiam
742 1233 926 1287 grauitatis
959 1233 1162 1274 diminutio
1196 1246 1264 1287 per
1294 1234 1415 1275 diuer-

104 1299 180 1339 sam
210 1298 436 1339 celeritatem
477 1297 675 1338 fluidorum
710 1309 759 1336 ex
791 1308 896 1337 certo
946 1296 1131 1337 foramine
1180 1297 1416 1339 effluentium

104 1361 267 1414 dignosci
302 1361 454 1415 poterit.
520 1358 619 1400 Cum
655 1361 757 1399 enim
792 1360 903 1400 fluida
938 1373 989 1400 ex
1031 1362 1165 1401 iisdem
1217 1361 1417 1402 luminibus

104 1425 164 1465 sub
197 1425 326 1465 iisdem
362 1423 611 1464 altitudinibus
645 1423 786 1462 minori
821 1423 1005 1463 celeritate
1039 1424 1191 1463 effluere
1230 1424 1416 1474 debeant,

106 1488 252 1540 quando
285 1489 340 1528 vis
372 1487 558 1540 grauitatis
591 1487 752 1526 decreuit
771 1517 781 1536 ,
822 1497 859 1526 et
892 1487 1027 1526 maiori
1077 1486 1268 1526 celeritate
1302 1486 1328 1526 fi
1361 1487 1416 1526 vis

106 1549 290 1603 grauitatis
322 1550 427 1591 aucta
460 1549 600 1602 suerit3
636 1550 741 1588 tubus
772 1549 811 1587 A
830 1548 864 1588 Β
908 1550 1146 1603 longitudinis
1190 1562 1230 1598 4.
1272 1549 1414 1601 pedum

106 1624 198 1665 aqua
232 1613 358 1664 plenus
389 1614 506 1666 aptari
526 1612 668 1666 poterit
686 1611 796 1652 simili
822 1624 864 1651 ac
882 1611 1049 1665 descripsi
1067 1613 1208 1652 ratione
1227 1609 1282 1665 (§.
1298 1618 1381 1663 23)
1402 1626 1414 1666 ς,

108 1675 133 1715 fi
164 1675 283 1714 modo
316 1675 401 1715 loco
450 1678 556 1715 vnius
590 1675 675 1715 vasis
707 1673 831 1716 EDF
882 1675 958 1715 duo
1007 1675 1090 1715 talia
1143 1674 1415 1728 adhibeantur,

106 1750 267 1790 quorum
299 1738 441 1777 canales
474 1738 705 1790 superficiem
743 1749 855 1790 aquae
890 1739 929 1778 in
964 1738 1057 1779 tubo
1090 1738 1285 1790 stagnantis
1304 1740 1415 1778 attin-

106 1809 224 1853 gant,
258 1808 301 1838 vt
335 1800 360 1839 fi
391 1800 496 1839 vnius
528 1812 619 1852 aqua
651 1800 769 1840 eiec'ta
803 1801 874 1850 sit,
928 1801 1086 1841 alterum
1134 1802 1252 1853 aptari
1304 1800 1416 1853 possit

106 1864 152 1903 ad
186 1862 332 1902 fluxum
364 1862 668 1901 continuandum.
734 1862 929 1917 Quantitas
960 1875 1072 1917 aquae
1105 1864 1225 1902 eiecta
1267 1864 1414 1904 diuersis

106 1925 337 1978 temporibus
369 1923 518 1964 definiri
549 1924 689 1976 poterit
708 1956 718 1974 ,
751 1936 894 1976 nempe
928 1925 1019 1976 illo,
1051 1938 1128 1979 quo
1161 1926 1316 1978 grauitas
1348 1928 1414 1967 de·

104 1988 262 2027 crescere
294 1987 454 2026 creditur
487 1996 525 2025 et
555 1987 628 2026 alio
647 2019 657 2038 ,
690 1986 754 2025 vbi
793 1988 850 2026 vis
884 1990 1069 2040 grauitatis
1100 1988 1204 2031 aucta
1236 1990 1412 2030 asseritur.

105 2048 145 2091 Si
179 2051 396 2103 quantitates
428 2061 539 2103 aquae
573 2047 711 2102 elapsae
741 2048 890 2101 semper
924 2051 1135 2104 discrepent
1165 2052 1301 2092 affertis
1327 2053 1413 2106 phi-

104 2112 347 2170 losophorum
379 2113 639 2157 conuenienter
658 2144 670 2166 ‚
701 2124 839 2166 magna
871 2113 958 2155 inde
991 2113 1228 2169 probabilitas
1276 2116 1318 2156 iis
1353 2129 1416 2156 ac·-

1285 2181 1406 2220 cedct.
1441 2195 1445 2199 ·
