1971 2700
148 192 350 238 REMIG.
371 191 602 238 ADNAV.
622 189 791 235 ONER.
807 190 983 238 PROM.
998 192 1345 240 DESCRIPTIO.
1371 208 1458 248 215
1503 208 1505 210 ·

146 307 224 348 hoc
254 315 498 362 augmentum
533 306 668 345 virium
702 317 779 344 non
812 305 971 347 obtineri
1007 307 1129 359 potest
1155 308 1290 360 absque
1309 309 1456 361 dispen-

146 371 211 411 dio
243 372 424 424 temporis
456 380 494 410 et
526 369 800 421 impedimento
829 370 948 409 cursus
990 373 1120 421 nauis,
1169 371 1336 424 adeoque
1386 384 1458 424 pro

145 432 260 487 stopo
294 435 418 474 nostro
451 433 561 486 plane
595 432 735 472 nullum
769 434 854 474 inde
887 435 1140 475 commodum
1169 435 1456 475 redundaturum

147 498 248 537 esset.
314 497 466 538 Mutato
499 507 593 536 vero
625 497 746 536 modo
796 497 1052 550 adplicationis
1101 498 1240 538 virium
1296 510 1458 538 mouen-

146 561 244 600 tium
277 568 516 614 augmentum
551 559 607 599 vis
639 560 886 612 impingentis
936 562 1099 601 obtineri
1149 561 1250 614 pofle
1301 563 1454 614 reperi,

145 624 280 665 absue
313 623 390 664 vllo
419 622 611 675 dispendio
629 655 640 673 ,
674 623 802 663 immo
835 625 965 677 potius
994 637 1083 663 cum
1103 625 1336 677 compendio
1354 635 1455 665 tem-

145 689 259 740 poris.
320 685 506 727 Consueto
546 688 653 726 enim
688 687 894 739 remigandi
944 694 1066 726 modo
1116 687 1240 727 homo
1272 690 1309 726 in
1341 701 1454 741 opere

145 751 281 791 diurno
309 751 378 790 vix
395 750 489 790 vltra
524 756 578 791 28
614 749 660 795 tss‘
685 762 754 802 per
790 763 813 787 2
848 750 961 802 pedes
986 751 1028 789 in
1065 762 1083 787 1
1123 751 1272 790 minuto
1289 750 1449 791 secundo

144 826 372 866 promouere
420 812 533 853 valet.
605 811 644 853 Si
678 825 778 852 vero·
804 811 934 852 homo·
971 812 1110 852 adultus
1144 812 1242 852 vires
1293 812 1368 852 suas
1399 814 1451 854 ita

143 877 325 929 adplicare
357 876 508 929 potest,
542 886 587 916 vt
619 876 726 916 simul
759 888 851 916 cum
884 877 1052 929 pondere
1084 874 1153 915 suo-
1185 885 1269 928 agat
1290 908 1322 927 ,.
1351 889 1452 930 pon-

141 940 208 980 dus
243 952 328 991 140
362 937 409 987 113·
442 952 508 992 per
542 939 645 979 idem
676 938 839 992 spatium
871 939 1009 979 eodem
1042 950 1213 991 tempore
1249 951 1459 992 promoue-

140 1015 181 1043 re
212 1004 366 1044 valebit.
435 1001 536 1043 Cum
570 1003 660 1042 haec
694 1003 750 1042 vis
781 1002 824 1042 sit
855 1001 1051 1055 quintupla
1091 1003 1223 1054 prioris
1257 1015 1334 1054 pro
1375 1005 1457 1042 sco-

142 1078 197 1119 po
230 1066 357 1105 nostro
389 1065 592 1104 obtinendo
625 1064 717 1104 nihil
749 1065 1009 1105 desiderabitur
1031 1095 1041 1113 ‚
1079 1065 1145 1105 nisi
1178 1066 1381 1118 remigium
1402 1067 1453 1106 ita

140 1128 376 1169 construendi
417 1128 550 1168 modus
570 1158 583 1178 ,
617 1137 665 1166 vt
691 1128 815 1166 homo
848 1129 887 1166 vi
920 1128 1097 1179 ponderis
1115 1128 1161 1166 sui
1181 1129 1218 1167 in
1239 1127 1325 1167 illud
1346 1140 1457 1168 com-⁷

141 1192 259 1232 mode
291 1201 400 1241 agere
433 1189 571 1240 possit,
604 1201 719 1240 quem
754 1189 875 1228 statim
910 1190 1032 1229 sumus
1073 1189 1352 1242 suppeditaturi.

253 1246 289 1293 ξ.
315 1264 357 1300 3.
387 1248 510 1302 Super
549 1249 809 1290 fulcimentum
843 1250 980 1292 scilicet
1020 1251 1110 1292 AB
1128 1250 1162 1291 C
1184 1251 1226 1292 D
1267 1252 1536 1307 erigantur'sfi·
1559 1252 1606 1283 ῐΧ·

136 1314 228 1357 duae
291 1313 491 1353 columnae
524 1315 846 1366 perpendiculares
890 1315 924 1355 E
965 1324 1005 1355 et
1042 1316 1072 1356 F
1091 1349 1102 1367 ,
1151 1294 1520 1370 qiiiiiqiieped21155F¹g'
1539 1304 1563 1332 ³'
1579 1302 1649 1332 “4-

136 1377 388 1431 longitudinis.
458 1375 504 1415 In
539 1375 808 1418 summitatibus
843 1391 970 1419 earum
1006 1389 1229 1420 excaucntur
1264 1381 1340 1421 duo
1379 1380 1448 1420 sul-

140 1442 176 1481 ci
215 1453 285 1494 pro
325 1439 555 1492 excipiendo
596 1452 666 1479 axe
715 1441 863 1494 remigii
907 1440 1015 1482 GH.
1080 1443 1178 1483 Huic
1220 1445 1314 1494 axi,
1347 1445 1449 1483 cuius

138 1502 333 1556 longitudo
366 1504 408 1543 sit
441 1503 584 1543 circiter
616 1518 647 1555 4
678 1506 740 1544 vel
771 1507 800 1542 6
834 1506 998 1558 pedum,
1018 1519 1086 1559 per
1127 1506 1333 1558 ligamenta
1375 1506 1448 1546 fer-

139 1578 203 1606 rea
236 1566 453 1617 adfirmetur
484 1566 604 1607 vestis
638 1567 671 1607 K
692 1566 725 1606 L
745 1600 756 1618 ,
787 1569 891 1608 cuius
921 1568 1194 1622 longitudinem
1228 1569 1266 1607 in
1302 1567 1444 1621 sequen-

140 1630 236 1668 tibus
253 1641 324 1682 pro
341 1643 497 1671 numero
515 1632 776 1684 operariorum
795 1632 1140 1672 determinabimus.
1210 1631 1252 1670 In
1286 1644 1361 1671 vna
1380 1644 1448 1672 ex-

140 1693 330 1732 tremitate
370 1693 475 1734 huius
521 1694 638 1734 vectis
686 1695 884 1735 adornetur
926 1696 1165 1753 manubrium
1208 1694 1317 1737 MN
1359 1708 1447 1736 cum

138 1755 300 1796 scabello
355 1756 516 1808 adpenso
571 1757 610 1796 Ο
637 1757 666 1796 P
687 1790 698 1809 ‚
753 1767 876 1799 tantae
931 1760 1201 1812 longitudinis,
1267 1768 1312 1798 vt
1378 1771 1451 1811 pro

141 1818 319 1871 operariis
352 1817 398 1857 ad
432 1818 517 1858 illud
551 1820 826 1871 constituendis,
844 1821 945 1861 locus
984 1823 1041 1862 sit.
1115 1830 1121 1851 ³
1154 1825 1284 1875 enique
1316 1822 1362 1861 ad
1396 1821 1449 1860 al-

141 1889 324 1921 terutram
369 1882 446 1920 axis
487 1882 766 1922 extremitatem
812 1879 850 1923 G
891 1884 1073 1937 adfigatur
1112 1898 1236 1926 remus
1272 1884 1420 1938 longior
1438 1916 1450 1936 ‚

142 1947 244 1985 cuius
263 1944 343 1996 pala
376 1943 412 1984 R
432 1942 457 1983 S
489 1944 531 1984 sit
563 1944 714 1984 biualuis
733 1978 743 1996 ,
776 1945 827 1986 ita
848 1979 858 1997 ,
892 1956 932 1986 vt
962 1948 1087 1987 valuae
1122 1949 1184 1989 sub
1214 1948 1363 1989 actione
1393 1960 1449 1986 re-

143 2009 198 2048 rni
232 2006 300 2045 sest:
330 2019 441 2059 aquae
475 2007 615 2047 directe
649 2019 850 2060 opponant
870 2041 880 2060 ‚
913 2012 1191 2063 complicentur
1223 2024 1335 2061 vero,
1354 2012 1445 2050 dum

141 2083 269 2112 remus
309 2075 509 2110 retrorium
544 2069 712 2109 trahitur.
776 2068 997 2112 senionem
1033 2074 1140 2115 liuius
1189 2075 1288 2127 palae
1331 2084 1443 2114 trans-

143 2135 322 2176 venalem
355 2134 514 2176 ostendit
546 2133 612 2188 fig.
646 2147 689 2186 4.
724 2145 773 2175 ex
804 2147 875 2189 qua
908 2136 984 2177 eius
1001 2138 1252 2191 constructio,
1285 2138 1447 2179 resisten-

1379 2211 1450 2241 tiae
