1971 2700
161 188 304 235 VSVS
338 184 506 232 LEGIS
537 176 916 229 DECREMENTI
963 174 1203 224 CALORJS
1234 189 1303 224 cet.
1375 190 1462 232 177

283 303 318 351 §.
343 312 383 352 ς.
415 300 518 342 Haec
550 298 616 337 rite
646 295 796 349 quidem
828 294 988 335 deriuata
1021 292 1195 334 videntur
1226 303 1276 333 ex
1317 291 1469 333 stabilita

168 365 251 420 lege
284 362 505 406 decrementi
534 359 666 401 caloris
683 390 693 409 ,
726 356 1024 399 molestissimum
1070 366 1198 397 tamen
1237 354 1291 395 est
1322 355 1471 408 singulis

166 431 292 470 diebus
320 436 463 468 tantum
494 435 608 476 aquae
640 421 837 462 calefiicere
867 430 906 460 et
936 420 1218 461 instrumentum
1244 418 1469 459 obseruatio-

171 493 209 532 ni
240 501 374 544 aptare.
440 487 538 528 Hinc
571 497 644 525 non
677 485 921 538 incongruum
955 484 1006 524 est
1026 516 1038 536 ,
1066 484 1093 524 fi
1126 484 1173 523 de
1205 482 1280 522 alio
1312 493 1467 537 appara«

169 565 208 595 tu
241 555 366 594 saitem
401 551 521 591 minus
568 548 728 590 molesto
777 548 997 602 cogitamus.
1079 546 1115 588 E
1147 558 1186 586 re
1220 544 1290 586 esse
1321 546 1468 585 videtur

169 631 233 658 vas
264 617 416 658 ferreum
450 613 590 666 aliquot
621 611 923 652 centenariorum
955 610 1121 664 eligere„
1159 611 1259 650 cuius
1289 608 1471 662 capacitas

169 681 214 722 sit
244 688 363 731 tanta,
382 686 425 718 vt
458 688 574 716 vnam
596 684 706 729 atque
738 675 850 715 aliam
884 675 1020 714 libram
1053 673 1224 714 mercurii
1255 680 1294 711 et
1313 671 1469 712 bulbum

167 741 450 784 Thermometri
482 739 646 792 recipere
679 737 801 791 poffit.
867 735 1046 776 Ceterum
1086 734 1275 774 instruatur
1321 733 1467 774 machi-

167 819 214 846 na
246 806 296 846 ita
316 837 327 856 ‚
375 813 416 844 vt
449 803 648 843 mercurius
681 800 816 840 effimdi
857 799 969 852 poffit
988 830 999 850 ,
1038 806 1078 837 et
1107 799 1222 837 etiam
1272 796 1468 836 Thermo-

168 879 330 909 metrum
361 867 470 917 tolli,
502 876 544 905 vt
577 877 642 905 vas
668 862 903 917 frigefiestum
936 861 1100 903 calefieri
1131 870 1169 901 et
1202 861 1336 900 iterum
1369 859 1406 898 in
1425 858 1467 897 li-

165 932 256 972 bero
287 933 372 971 ae’re
403 929 563 983 suspendi
594 938 632 967 et
664 940 750 967 cum
791 925 1095 967 Thermometro
1141 932 1186 964 vt
1217 933 1324 963 antea
1372 933 1467 962 con⁴

164 995 264 1046 iungi
294 1001 412 1047 queat.
484 991 525 1032 Si
564 1003 661 1030 nunc
701 989 813 1030 rursus
851 989 928 1029 duo
960 988 1045 1028 talia
1073 985 1158 1027 vasa
1175 984 1301 1026 adsunt
1320 1017 1332 1037 ,
1355 996 1469 1025 com·-

166 1058 314 1097 modius
344 1056 543 1108 temperies
575 1054 671 1092 a‘e'ris
700 1053 825 1092 media
858 1051 1012 1091 inueniri
1046 1049 1149 1103 poste
1167 1049 1325 1089 videtur.
1359 1047 1477 1106 Nam—

286 1118 326 1173 1)
360 1119 512 1158 Ferrum
551 1116 681 1155 tardius
729 1113 884 1167 frigescit
901 1144 912 1164 ‚
961 1125 1071 1165 quam
1114 1124 1206 1165 aqua
1236 1120 1275 1151 et
1308 1123 1386 1150 non
1419 1111 1470 1151 ita

163 1183 240 1220 cito
270 1181 369 1219 fluidi
401 1176 701 1217 thermometrici
734 1185 862 1215 motus
890 1175 1033 1215 defluet
1070 1175 1110 1214 in
1143 1174 1206 1214 tali
1253 1172 1467 1229 machina3

164 1242 252 1281 hinc
278 1240 378 1279 ‘forte
407 1239 568 1279 sufficere
601 1236 741 1291 poterit
757 1269 768 1289 ,
799 1237 826 1279 si
854 1237 1004 1292 fingulis
1034 1237 1169 1291 viginti
1200 1246 1359 1291 quatuor
1396 1237 1471 1277 ho-

161 1305 210 1344 ris
241 1298 512 1343 obseruationes
542 1300 634 1341 fiant
655 1332 666 1352 ,
696 1311 731 1339 e.
765 1311 802 1354 g.
845 1301 1015 1354 quolibet
1053 1300 1210 1341 meridie
1231 1333 1241 1353 ‚
1293 1300 1469 1355 inprimis

160 1375 332 1418 tempore
361 1365 512 1406 aestiuo.
575 1361 614 1403 Si
648 1363 752 1403 enim
785 1364 938 1417 respicio
970 1364 1018 1405 ad
1050 1363 1223 1417 Eperim.
1257 1362 1288 1404 Ι.
1322 1363 1470 1416 inquisi-

162 1431 273 1469 tionis
306 1441 415 1469 meae
449 1429 487 1468 in
517 1427 641 1480 legem
675 1427 904 1468 decrementi
933 1427 1090 1479 caloris,
1123 1425 1325 1467 mercurius
1348 1426 1472 1466 Ther-

163 1493 344 1533 mometri
364 1524 374 1543 ‚
407 1493 505 1532 cuius
535 1490 636 1530 bulbi
686 1489 869 1530 volumen
917 1500 996 1531 erat
1027 1495 1042 1540 ,ξ
1073 1490 1149 1543 dig.
1182 1489 1265 1529 cub.
1304 1501 1360 1538 30
1395 1488 1467 1529 mi-

166 1556 260 1595 nutis
292 1555 425 1608 primis
455 1555 492 1594 in
525 1553 709 1607 temperie
741 1554 837 1594 ac'ris
866 1565 926 1604 40
960 1565 1017 1606 gr.
1052 1564 1073 1592 a
1106 1564 1161 1606 gr.
1198 1554 1259 1601 64
1292 1552 1338 1592 ad
1370 1561 1472 1592 tem·

162 1618 301 1671 periem
334 1629 391 1667 40
425 1618 600 1670 graduum
636 1616 878 1656 reducebatur
897 1648 908 1668 ,
947 1624 986 1655 et
1016 1614 1044 1656 sr
1073 1626 1340 1668 comparamus
1378 1626 1468 1655 cum

164 1679 277 1720 bulbo
308 1679 620 1720 thermometrico
649 1681 760 1720 vuius
792 1679 895 1732 pedis
926 1679 1009 1719 cub.
1041 1687 1146 1717 erunt
1176 1677 1367 1717 volumina
1392 1677 1473 1718 bul-

163 1743 296 1783 borum
327 1751 370 1782 vt
406 1753 480 1789 25:
521 1750 697 1790 172800
731 1752 768 1782 et
798 1742 1004 1795 superficies
1021 1740 1138 1782 ferme
1156 1750 1200 1780 vt
1238 1754 1295 1789 4:
1333 1752 1465 1788 1440.

163 1805 293 1858 positis
323 1804 395 1844 scil.
429 1805 544 1844 bulbis
573 1805 722 1845 cubicis.
788 1802 889 1844 Cum
923 1816 1018 1845 nuuc
1060 1803 1471 1844 decrementa-caloris

159 1867 405 1921 inaequalium
447 1867 641 1907 bulborum
681 1866 1080 1907 thermometricorum
1110 1877 1225 1919 aeque
1259 1866 1468 1905 calidorum

162 1929 370 1983 aequalibus
399 1930 634 1982 temporibus
666 1929 786 1983 paruis
814 1938 852 1970 et
890 1929 930 1969 in
970 1928 1154 1982 temperie
1195 1927 1335 1981 aequali
1374 1930 1471 1969 ae'ris

162 1994 321 2034 debeant
351 1993 420 2032 effe
454 1993 491 2030 in
522 1993 666 2034 ratione
699 1992 908 2044 composita
937 1991 1079 2032 directa
1118 1990 1391 2043 fiip'erficicrum
1432 2000 1471 2031 et

161 2056 300 2097 inuersa
329 2055 562 2096 voluminum
597 2054 794 2095 bulborum
829 2055 1242 2103 thermometricorum,
1274 2054 1469 2094 secundum

161 2115 200 2163 ὁ.
230 2132 298 2158 21.
333 2117 506 2171 inquisit:
539 2118 581 2158 1.-
616 2131 648 2157 c.
687 2127 792 2157 erunt
827 2120 1067 2160 decrementa
1096 2125 1140 2157 vt
1176 2129 1291 2170 230:
1332 2130 1369 2157 1.
1400 2119 1469 2157 cir-

225 2183 262 2223 T
265 2195 346 2224 om.
368 2181 421 2224 ΙΙ.
441 2180 545 2222 Nou.
567 2178 793 2222 Comment.
967 2177 1006 2223 Z
1344 2181 1435 2220 citer
1454 2193 1467 2233 3
