1971 2700
485 195 567 241 DE
597 194 808 242 BESTHS
841 193 1098 239 MAles.
1356 211 1444 248 297

141 309 338 351 nensium:
374 307 588 363 Compages
624 308 760 349 horum
794 307 1007 348 tubulorum
1039 307 1085 347 ad
1137 306 1443 361 perpendiculum

141 375 214 413 cuti
247 375 432 424 insistunt,
467 372 662 412 secundum
711 372 984 425 longitudinem
1020 384 1041 411 a
1073 370 1108 410 se
1138 371 1299 411 inuicem
1352 369 1445 422 findi

141 446 176 474 et
209 437 332 476 diuelli
365 434 513 489 pofl‘unt
533 467 543 486 ,
576 435 691 474 tubuli
733 435 858 488 singuli
909 434 1072 474 inferiori
1104 443 1226 489 parte,
1262 447 1334 487 qua
1367 433 1443 474 cuti

139 499 403 551 implent-autur
424 530 434 550 ,
468 498 676 538 subrotundi
698 530 708 549 ,
739 498 901 538 connexi
921 528 931 548 ‚
965 497 1107 538 bulbosi
1125 498 1201 537 lunt
1220 530 1231 548 ,
1264 497 1352 537 hinc
1378 510 1443 545 cu·

138 562 266 602 ticulae
296 561 444 602 frustum
476 561 636 602 auulsum
670 562 759 601 corii
793 560 986 613 Hispanici
1004 561 1109 601 instar
1139 558 1443 612 tuberculosum‘‚

104 671 108 675 ,
135 625 230 664 cutis
260 634 380 664 autem
412 624 596 664 subiacens
627 626 810 665 netricum
842 624 1003 676 digitalis
1034 623 1145 664 instar
1177 623 1339 675 totidem
1366 623 1440 663 mi-

136 686 326 728 nutiffimis
354 700 394 728 ac
426 686 681 740 copiofiffimis
711 686 868 726 foueolis
901 690 1076 726 excauata
1094 718 1105 737 ‚
1136 698 1228 738 quae
1246 696 1355 726 antea
1377 699 1440 727 cu-

139 751 267 790 ticulae
299 750 505 790 tubulorum
523 748 766 790 bulbosorum
795 749 1022 802 receptacula
1038 748 1195 788 fuerunt.
1260 748 1356 788 Inde
1376 760 1442 788 ve-

136 824 179 851 ro
211 814 307 865 quod
341 813 449 854 tubuli
482 813 522 853 hi
554 812 754 853 aretiffime
785 812 849 855 fibi
882 813 1044 852 inuicem
1095 810 1346 862 accumbunt,
1389 821 1444 850 te-

136 887 242 915 naces
258 907 268 926 ,
301 876 444 917 humidi
477 885 514 916 et
545 878 680 916 tumidi
698 877 775 916 sunt
793 908 803 927 ,
822 875 979 916 cuticula
998 873 1276 914 horizontaliter
1294 873 1444 914 dissecta

138 949 214 976 non
246 949 423 992 apparent
442 972 453 991 ‚
485 939 543 979 sed
564 938 771 992 superficies
789 938 909 991 glabra
929 937 964 977 se
982 938 1094 977 offert
1111 969 1122 989 ‚
1140 937 1255 989 qualis
1282 938 1445 990 vngulae

136 1002 303 1042 animalis
320 1003 508 1042 cuiusdam
526 1002 676 1053 incisae,
706 1014 818 1055 quam
840 1002 1007 1054 primum
1027 1012 1117 1040 vero
1134 999 1283 1053 frustim·
1298 999 1442 1053 suspen·

136 1064 252 1114 ditur,
269 1065 331 1104 soli
349 1067 551 1118 exponitur
569 1075 604 1105 et
622 1065 773 1106 siccatur
793 1098 804 1116 ‚
824 1062 956 1104 fiffuras
973 1064 1050 1115 agit
1066 1063 1387 1115 perpendiculares
1405 1074 1445 1104 et

134 1128 281 1166 corticis
301 1128 409 1167 instar
434 1127 549 1179 frangi
567 1129 707 1178 potest,
734 1139 775 1168 ac
794 1124 954 1165 tubulosa
988 1125 1078 1164 haec
1097 1124 1269 1165 struc'tura
1288 1124 1383 1165 clare
1402 1127 1443 1166 in

135 1188 371 1240 conspectum
406 1190 525 1227 venit.
559 1188 629 1227 Per
660 1189 728 1228 hos
760 1189 867 1228 tubos
885 1189 1002 1228 tenuis
1019 1188 1140 1229 saltim
1160 1188 1288 1228 serosus
1310 1200 1443 1231 mucus

132 1251 359 1300 excernitur,
380 1251 415 1289 in
437 1250 608 1290 lateribus
624 1262 662 1290 et
679 1253 772 1292 circa
791 1261 900 1305 caput
917 1251 1073 1305 largior,
1093 1253 1130 1291 in
1149 1251 1260 1292 dorso
1276 1253 1438 1306 parcior.

129 1308 237 1351 Dum
271 1313 408 1353 animal
441 1326 506 1367 per
539 1313 672 1367 aliquot
705 1316 813 1355 horas
832 1317 868 1354 in
885 1315 984 1355 sicco
1003 1315 1252 1367 litoreiacet,
1285 1315 1437 1357 dorsum

133 1373 264 1413 siccum
283 1377 406 1416 euadit
425 1409 435 1428 ,
449 1387 560 1429 caput
579 1388 704 1418 autem
727 1388 765 1417 et
785 1380 895 1418 latera
914 1379 1090 1418 continue
1116 1379 1283 1418 madent.
1333 1378 1438 1420 Data

131 1447 252 1476 autem
284 1439 429 1479 videtur
460 1440 550 1480 haec
583 1442 691 1480 crassa
723 1441 876 1481 cuticula
911 1440 1142 1494 potiffimum
1177 1442 1228 1480 ob
1245 1441 1332 1481 duas
1349 1454 1438 1482 cau·

132 1497 192 1555 sas-
238 1511 274 1538 1·
313 1501 376 1542 Ne
394 1515 481 1543 cum
515 1505 554 1543 in
585 1505 675 1544 locis
714 1504 841 1544 iaxofis
861 1537 871 1555 ,
920 1504 1053 1556 asperis
1086 1513 1123 1542 et
1154 1503 1294 1555 hyeme
1344 1507 1437 1547 inter

133 1560 289 1612 glaciem
323 1567 502 1605 continuo
534 1568 660 1607 viuere
695 1567 852 1607 debeant
883 1567 932 1606 ob
975 1566 1122 1606 victum
1172 1576 1300 1606 cutem
1333 1567 1436 1608 abra-

132 1623 241 1675 dant,
260 1626 319 1665 vel
353 1627 519 1669 fluctibus
558 1631 751 1671 acrioribus
782 1631 907 1683 agitati
939 1629 1190 1682 lapidibusque
1211 1662 1221 1681 ,
1255 1639 1299 1669 vt
1331 1629 1438 1684 saepe

134 1687 239 1736 vidi,
280 1689 366 1728 allisi
401 1703 584 1744 pereant,
617 1693 687 1733 hac
726 1694 837 1733 lorica
882 1694 1109 1733 muniantur.
1148 1705 1185 1733 2.
1238 1692 1302 1743 Ne
1335 1693 1437 1734 calor

132 1749 252 1788 vitalis
283 1751 439 1791 uimium
472 1756 725 1807 transpirando
755 1756 942 1809 dissipetur
975 1756 1133 1806 aestate,
1161 1756 1220 1796 vel
1239 1757 1345 1809 plane
1362 1769 1433 1810 op-

131 1813 313 1863 primatur
343 1813 489 1864 hyemis
522 1815 664 1869 frigore.
696 1819 852 1858 Etenim
903 1831 977 1858 non
1010 1820 1046 1857 in
1083 1818 1267 1870 profundo
1285 1818 1400 1858 maris
1419 1849 1433 1870 ,

130 1883 172 1912 vt
204 1874 271 1914 alia
310 1878 482 1917 animalia
524 1891 561 1919 et
594 1880 705 1932 pisces
754 1880 959 1921 delitescere
979 1881 1090 1932 „fied
1124 1880 1270 1934 semper
1320 1882 1434 1922 dimi·

130 1936 233 1977 dium
267 1950 401 1992 corpus
431 1940 559 1993 frigori
595 1944 803 1995 pabulando
835 1956 1025 1996 exponere
1059 1953 1242 1984 tenentur.

244 2000 492 2046 Obseruabam
526 2004 562 2043 in
597 2006 723 2046 multis
756 2018 776 2059 a
812 2008 904 2046 mari
941 2008 976 2045 in
1011 2007 1092 2046 litus
1111 2008 1311 2048 eliminatis
1329 2020 1435 2049 mor·

127 2061 198 2099 tuis
230 2065 423 2105 cuticulam
455 2066 491 2106 in
524 2066 617 2108 saxis
647 2067 732 2108 hinc
753 2069 838 2108 inde
859 2069 1019 2110 abrasam
1038 2071 1171 2112 mortis
1197 2070 1339 2112 causam
1359 2084 1432 2112 ex-

127 2125 233 2164 titiii‘e
253 2159 262 2177 ,
284 2129 381 2180 quod
402 2129 634 2182 potissimum
657 2145 675 2170 a
695 2132 812 2183 glacie
830 2132 1003 2184 hyberno
1036 2144 1212 2187 tempore
1250 2136 1398 2176 accidit.

188 2189 309 2231 Tom.
331 2190 383 2231 11.
404 2192 511 2234 Nou.
532 2191 763 2235 Comment.
982 2246 984 2248 ,
1006 2197 1036 2237 Ρ
1065 2211 1093 2251 p
1344 2198 1425 2237 Ob-
