1971 2700
522 183 860 234 FRIGIDIORE
893 185 1058 230 AERE.
1194 226 1216 247 n„
1353 200 1371 227 1
1382 197 1402 237 5
1412 197 1438 237 7

148 306 206 347 vit
224 336 234 356 ,
267 302 492 356 affluxusque
522 310 560 341 et
589 299 737 341 recessus
769 299 864 339 a'e'ris
895 298 941 339 fic
971 297 1165 338 retardatus
1195 298 1245 338 est
1264 331 1274 350 ,
1301 306 1346 337 vt
1363 299 1445 351 plus

149 380 337 420 vaporum
388 366 533 407 recedat
579 363 841 416 euaporatione
873 375 916 402 ac
948 362 1089 403 affluxu
1121 363 1214 401 ae'ris
1260 361 1447 415 colli-gitur

148 429 239 486 (per
260 433 294 479 ξ.
323 428 414 483 10.)
434 461 444 481 ‚
475 428 591 467 altero
623 429 702 486 calu
724 453 735 475 ‚
773 427 800 466 fi
831 426 1115 485 aqua-eundem
1150 426 1306 478 gradum
1349 424 1447 465 calo—

148 497 197 536 ris
230 493 443 548 acquisruit,
477 491 526 529 ob
556 489 807 529 differentiam
859 491 953 529 inter
1001 490 1229 542 temperiem
1280 490 1375 528 aeris
1409 496 1449 527 et

150 569 268 611 aquae
299 556 481 597 maiorem
516 566 556 593 ac
590 553 718 606 primo
750 552 862 604 casu,
895 553 1068 593 collectio
1100 564 1286 605 vaporum
1328 552 1449 591 maior

152 621 223 661 eise
254 619 370 673 potest
402 628 511 669 quam
545 618 771 669 euaporatio.
838 617 894 656 Vt
925 628 1016 669 ergo
1033 615 1209 656 collectio
1258 626 1458 667 vaporum,

150 695 225 723 non
243 683 286 723 sit
304 683 423 721 maior
439 681 724 732 euaporatione3
757 679 897 719 necessi:
933 679 1004 730 est,
1035 687 1080 718 vt
1106 691 1196 731 aqua
1215 677 1368 717 calidior
1385 677 1450 716 fiat

154 747 271 787 altero
300 743 374 784 casu
403 755 445 783 ac
478 742 608 796 priori.
672 740 947 795 Consequenter
979 753 1027 780 eo
1061 741 1182 792 magis
1214 740 1367 778 calidior
1387 741 1452 778 de-

154 810 216 850 bet
249 807 327 848 fieri
357 819 448 860 aqua
480 806 597 847 altero
629 805 707 845 casu
726 838 738 857 ,
773 817 890 858 quam
920 804 1064 858 priori,
1115 802 1143 843 fi
1184 800 1357 843 collectio
1389 813 1451 841 va-

152 861 289 925 porum
322 872 462 923 prorius
491 867 702 909 euanescere
732 869 857 909 debet.

267 935 301 984 §.
325 945 389 973 ιε..
424 933 524 974 Hinc
558 932 659 974 tertii
691 933 804 974 etiam
837 929 1093 985 phaenomeni
1124 931 1219 970 ratio
1264 927 1450 983 patescere

151 999 313 1039 videtur.

267 1061 367 1116 Quia
398 1058 458 1098 his
485 1058 750 1111 experimentis
781 1057 985 1098 differentia
1018 1065 1163 1097 tantum
1195 1056 1290 1096 inter
1340 1066 1457 1107 quan-

154 1124 301 1162 titatem
337 1129 579 1174 euaporatam
609 1131 647 1161 et
678 1121 855 1161 conenos
894 1132 1051 1172 vapores
1097 1119 1311 1170 detegitur3
1346 1118 1456 1156 initio

160 1183 201 1239 1)
233 1185 283 1223 ob
315 1183 512 1235 aliqualem
547 1184 727 1221 accessum
761 1194 950 1234 vaporum
987 1181 1029 1236 2)
1064 1181 1115 1220 ob
1149 1180 1316 1219 calorem
1344 1191 1457 1232 aquae

152 1247 342 1286 minorem
375 1252 414 1283 et
445 1243 534 1282 hinc
572 1244 834 1285 cohaefionem
886 1246 1107 1297 maiorem3
1159 1244 1259 1283 vnde
1292 1242 1338 1282 ab
1370 1245 1458 1283 a‘e‘re

151 1308 346 1348 recedente
377 1315 416 1346 et
447 1305 491 1345 ab
521 1308 725 1359 agitatione>
755 1321 776 1347 a
807 1307 928 1348 calore
960 1307 1100 1349 minori
1125 1307 1245 1346 minus
1269 1318 1457 1359 vaporum

150 1370 290 1423 aufugit
309 1403 320 1421 ,
353 1369 556 1410 differentia
587 1370 688 1410 dista
721 1370 846 1411 minor
878 1372 1058 1412 obseruari
1084 1369 1223 1411 debet:
1256 1369 1388 1408 deinde
1407 1370 1458 1408 ob

151 1432 329 1474 accessum
408 1445 592 1485 vaporum
673 1435 860 1474 minorem
945 1433 1176 1475 decrescente
1260 1431 1460 1470 differentia

154 1496 250 1535 inter
293 1496 518 1548 temperiem
570 1497 664 1536 aeris
712 1505 750 1537 et
798 1509 912 1550 aquae
931 1530 941 1548 ‚
972 1506 1010 1536 et
1042 1496 1208 1537 calorem
1241 1494 1423 1534 maiorem
1443 1524 1455 1544 ‚

157 1557 486 1612 cohaesionemque
519 1561 708 1599 minorem
730 1591 740 1610 ,
776 1562 875 1600 vnde
909 1561 955 1600 ab
989 1561 1075 1599 a’e‘re
1107 1558 1307 1597 recedente
1325 1564 1363 1595 et
1380 1555 1464 1607 agi-

158 1621 296 1660 tatione
330 1622 462 1661 maiori
495 1635 517 1661 a
546 1622 667 1668 calore
701 1623 832 1664 maiori
867 1623 947 1675 plus
964 1634 1147 1675 vaporum
1168 1619 1334 1669 recedit,
1360 1617 1462 1658 dicta

158 1682 354 1722 differentia
396 1686 515 1725 maior
563 1685 783 1726 obseruatur.
867 1686 1042 1726 Tandem
1091 1682 1224 1723 acceffu
1257 1690 1297 1721 et
1329 1679 1463 1720 receffu

157 1747 251 1786 a'c-'ris
283 1747 488 1785 admodum
528 1749 741 1799 retardam,
792 1751 987 1789 recedente
1021 1751 1108 1787 a'e'rc
1142 1757 1272 1798 parum
1316 1744 1376 1783 vel
1409 1744 1461 1782 ni-

161 1808 211 1848 hil
244 1808 338 1846 sorte
372 1820 554 1860 vaporum
586 1809 794 1863 auferetur3
837 1811 925 1850 hinc
964 1811 1086 1850 omnis
1144 1807 1363 1860 euaporatio
1401 1805 1466 1845 soli

160 1871 354 1922 agitationi
387 1883 408 1909 a
441 1871 562 1910 calore
581 1903 591 1922 ‚
617 1885 692 1924 ‚qua
725 1873 924 1925 particulae
957 1872 1190 1925 expelluntur
1212 1900 1224 1921 ,
1259 1868 1463 1908 adscriben-

160 1934 206 1973 da
239 1933 338 1984 crit3
373 1932 473 1970 vnde
505 1936 719 1984 euaporatio
751 1936 868 1975 minui
902 1935 1027 1975 debet.

278 1995 312 2041 §.
340 2006 406 2043 13.
444 1995 508 2034 Ad
542 1997 698 2035 rationes
732 1998 858 2037 calculi
891 1998 991 2037 nullo
1042 1997 1161 2036 modo
1211 1994 1299 2034 haec
1350 1994 1467 2047 phae-

164 2070 326 2097 nomena
361 2058 464 2109 potui
496 2058 688 2110 redi-gere,
723 2071 836 2111 neque
869 2060 971 2099 enim
1006 2060 1097 2098 ratio
1130 2058 1292 2098 calorum
1337 2067 1374 2096 et
1401 2070 1467 2097 co-

159 2120 343 2161 haesionis
374 2132 488 2173 aquae
522 2120 608 2161 hinc
640 2123 803 2174 pendens
837 2132 873 2162 et
907 2123 963 2162 vis
998 2122 1238 2176 proiedtionis
1271 2133 1293 2160 a
1323 2120 1467 2162 diuerso

756 2185 791 2225 V
828 2198 853 2235 3
1364 2183 1465 2222 calo*
