1971 2700
127 193 313 242 SIMVL
345 193 476 240 VARI
481 195 568 240 AT.
601 188 832 239 DIRECT.
868 191 1030 238 ILLIV
1027 192 1058 236 S
1108 193 1283 238 INDIC.
1340 210 1421 252 ¹3³

128 319 225 351 tetur
275 311 350 350 eius
400 307 534 350 diuersa
598 308 792 361 quantitas.
874 307 1023 348 Vltimo
1071 306 1238 349 foramen
1277 309 1300 351 k
1340 322 1428 363 ape-

126 375 259 424 riatur,
277 373 527 413 vtMercurius
544 382 610 423 per
629 370 810 424 capsulam
832 370 873 412 N
884 370 925 413 N
943 371 981 411 in
1000 370 1139 412 loculos
1158 372 1286 413 amufii
1302 373 1430 413 denuo

127 449 177 478 ex
212 437 340 476 tubulo
371 436 488 475 vitreo
518 432 678 473 defluere
711 433 831 488 poffit.
893 434 1083 491 Quoniam
1115 445 1241 477 autem
1284 437 1426 490 quanti-

128 510 183 540 tas
217 499 394 540 Mercurii
425 498 462 536 in
496 495 621 536 tubuio
646 509 668 536 u
681 510 704 547 y
734 496 902 550 gradibus
921 497 1064 552 singulis
1082 501 1119 540 in
1139 500 1229 541 scala
1247 499 1430 553 descriptis

128 563 165 603 in
197 562 338 616 singulis
368 559 528 614 partibus
568 560 861 613 proportionalis
892 561 946 602 est
963 594 975 613 ‚
1026 563 1127 614 quod
1176 576 1225 603 ex
1266 563 1430 604 constru-

128 627 256 667 ctione
276 633 397 676 patet;
418 634 467 662 ex
485 621 619 662 diuersa
655 624 764 676 igitur
796 625 996 678 quantitate
1031 624 1212 667 Mercurii
1230 627 1271 666 in
1301 626 1429 668 loculis

128 688 298 729 contenti
319 685 518 737 constabit,
536 696 714 739 quantum
733 688 823 727 aeris
841 699 894 727 ex.
910 688 1036 740 quauis
1053 691 1203 741 regione
1221 690 1311 730 dato
1331 698 1430 730 tern-

128 764 218 806 pore
268 749 556 804 praeterfluxerit
574 781 588 801 ,
626 759 734 803 atque
773 750 869 790 adeo
907 761 978 803 pro
1028 750 1172 803 singulis
1219 752 1345 791 diebus
1390 760 1430 791 et

129 815 340 861 mensibus,
378 824 518 867 proque
549 812 696 865 integro
729 824 826 853 anno
856 825 878 853 a
907 812 1034 853 sedulo-
1079 813 1312 854 obseruatore
1355 814 1429 853 fine

126 876 376 918 incommodo
424 874 606 916 obsemari
636 884 674 915 et
705 876 948 917 determinari
990 885 1165 929 poterunt
1206 876 1430 918 directiones

126 950 164 980 et
195 941 405 994 quantitates
450 940 544 980 aeris
575 939 872 992 praeterlabentis
891 973 901 991 ,
933 940 1033 993 quod
1067 941 1282 981 maximum
1316 951 1428 982 emo-

122 1002 332 1043 lumentum
364 1001 675 1055 meteorologiam
706 1002 909 1043 colentibus
941 1001 1070 1044 afferre
1100 1000 1207 1058 poffe
1226 1016 1345 1046 nemo
1373 1003 1428 1045 in·

127 1064 322 1106 ficiabitur.
