1971 2700
541 140 628 188 378
884 131 967 175 DE
999 127 1216 175 BESTHS
1251 127 1529 174 MARINIS.

657 246 781 289 Vulua
810 247 863 289 est
880 246 1108 302 ampliffima
1148 258 1187 287 1.
1224 245 1403 300 pollicem
1424 243 1516 286 infra
1543 257 1672 287 anum.
1709 245 1860 305 Magni-

508 323 519 335 ·
539 314 669 356 tudine
699 322 737 353 et
771 311 896 354 forma
925 325 946 352 a
980 312 1197 365 phocanun
1233 310 1344 351 vulua
1385 309 1480 350 nihil
1514 311 1674 351 omnino
1726 314 1858 368 distat,

541 379 681 433 pariter
715 389 758 417 ac
792 387 947 425 witerus,
978 387 1023 414 ac
1054 374 1132 415 eius
1163 387 1302 415 cornua
1325 405 1336 424 ,
1371 384 1414 414 τι
1446 386 1484 415 et
1519 373 1601 415 vala
1648 375 1861 429 spermatica

542 445 581 485 in
616 452 752 482 mare:
788 450 942 479 morem
976 438 1121 490 habui,
1151 449 1196 479 vt
1230 440 1339 479 toties
1358 438 1546 492 phocam,
1565 451 1721 492 quarum
1743 441 1865 483 maxi-

542 517 607 544 ma
641 504 753 556 copia
788 503 826 543 in
859 502 972 544 insula
1008 500 1178 556 Beringii
1200 502 1426 554 habebatur,
1461 504 1678 543 occiderem
1703 515 1741 543 et
1761 505 1865 546 iuxta

540 580 607 611 me
642 568 825 609 haberem
845 600 857 619 ,
891 568 1038 621 quoties
1070 566 1172 607 aliud
1206 566 1347 607 animal
1395 564 1641 608 describerem
1661 599 1672 618 ,
1726 567 1867 622 partim

543 643 586 672 vt
622 632 660 672 in
694 632 826 686 quibus
858 631 1034 672 animalia
1068 631 1215 672 marina
1256 632 1500 672 conuenirent
1548 631 1716 672 exaCtius
1765 632 1870 672 vide-

542 709 627 738 rem
647 730 658 749 ,
694 697 838 749 partim
874 706 914 736 vt
948 707 1038 736 cum
1069 695 1211 736 animal
1232 694 1306 736 hoc
1328 695 1558 735 notissimum
1577 707 1596 733 a
1617 693 1719 736 Clar.
1739 690 1839 748 Rajo
1856 726 1869 747 ,

542 759 858 802 Sclielhammero
878 792 889 811 ‚
932 758 1076 812 chero
1095 792 1108 811 ‚
1158 758 1303 800 Kulmo
1322 792 1332 810 ,
1385 759 1627 800 Hartmanno
1659 769 1697 800 et
1745 757 1870 799 Dost.

542 823 748 866 Duvernoi
789 823 1024 864 exaftiffimc
1041 822 1266 876 deicriptum
1292 821 1424 864 scirem
1446 855 1456 874 ,
1489 836 1535 863 ne
1562 824 1598 862 in
1633 822 1872 864 deicribendo

542 890 659 929 nimis
691 888 862 942 prolixus
894 886 1028 928 fierem
1061 887 1206 940 aliaque
1239 885 1424 928 obscurius
1459 885 1705 928 describerem
1727 917 1739 937 ‚
1776 897 1871 941 quae

543 951 831 1005 comparatione-
866 949 936 991 sola
969 952 1049 991 iam
1082 948 1356 991 euidentiffima
1388 949 1470 991 sunt
1489 984 1500 1002 ,
1533 953 1670 1005 partim
1707 949 1873 991 vtdiffe-

542 1017 679 1056 sentias
712 1013 850 1056 facilius
882 1025 922 1055 et
955 1016 1074 1056 verius
1106 1015 1331 1055 indicarem;
1369 1015 1452 1054 imo
1484 1015 1597 1055 venia
1630 1028 1695 1056 me
1713 1015 1873 1068 dignum

544 1090 669 1133 puto,
705 1077 732 1118 fi
765 1078 885 1118 multa
917 1091 939 1118 a
972 1078 1097 1119 docus
1129 1077 1299 1119 hucdum
1333 1077 1634 1131 impetrabuntur
1654 1109 1665 1130 ,
1694 1076 1791 1118 solus
1824 1076 1875 1118 fui

543 1142 672 1183 subdio
703 1141 741 1182 in
767 1151 863 1181 terra
898 1139 1056 1192 sedens,
1088 1141 1226 1193 frigore
1244 1172 1255 1189 ‚
1292 1139 1417 1192 pluuia
1440 1173 1450 1191 ‚
1487 1141 1571 1181 niue
1595 1171 1607 1193 ,
1653 1141 1878 1182 animalibus

545 1206 786 1259 impedituS,
836 1204 1091 1245 instrumentis
1148 1203 1371 1253 destitutus,
1429 1202 1651 1256 desperans,
1712 1217 1759 1245 an
1810 1215 1879 1245 vn-

545 1281 662 1323 quam
722 1267 867 1308 labores
917 1268 995 1306 mei
1047 1266 1125 1306 vsui
1142 1267 1291 1306 cuidam
1339 1265 1481 1319 futuri,
1532 1268 1743 1321 indignatus
1798 1279 1872 1307 non

546 1331 663 1374 semel
724 1331 899 1370 animum
949 1329 1064 1369 nimis
1115 1329 1332 1369 distr-astum
1353 1360 1364 1379 ,
1424 1341 1494 1368 nec
1555 1333 1652 1370 vires
1703 1332 1742 1370 in
1803 1331 1876 1371 hoc

549 1395 702 1437 tramite
764 1393 1043 1434 exhauriendae
1113 1393 1291 1432 materiae
1351 1391 1519 1432 iufficere
1539 1424 1550 1443 ,
1607 1405 1720 1446 quam
1786 1391 1880 1433 serio

545 1460 689 1501 venem
739 1468 779 1498 et
830 1457 1132 1512 pulcherrimam
1180 1456 1419 1498 occasionem
1472 1455 1651 1497 haberem
1703 1457 1740 1497 in
1776 1465 1879 1497 tanta

547 1523 803 1564 subiectorum
837 1522 961 1575 copia.

667 1586 794 1627 Vbcra
829 1586 935 1636 duo,
971 1587 1067 1627 inter
1101 1584 1320 1639 pudendum
1355 1594 1395 1641 qt
1427 1584 1650 1625 vmbilicum
1673 1584 1805 1625 medio
1824 1583 1877 1624 lo-

549 1662 600 1692 co
632 1650 696 1692 sita
716 1683 726 1702 ‚
759 1651 925 1703 oblonga
945 1683 956 1702 ,
993 1654 1030 1689 8.
1069 1648 1226 1702 pollices
1260 1648 1371 1701 longa
1393 1681 1403 1699 ,
1435 1647 1575 1688 horum
1610 1650 1772 1701 quodvis
1805 1659 1877 1688 vna

551 1715 696 1768 papilla
727 1715 955 1768 prominet,
989 1723 1114 1754 totam
1149 1712 1271 1752 ferme
1306 1713 1521 1753 abdominis
1555 1709 1788 1764 superficiem
1823 1710 1880 1751 di-

554 1778 621 1819 ἂο
656 1779 741 1819 loco
772 1788 963 1830 occupant
984 1810 995 1829 ‚
1030 1777 1173 1818 horum
1207 1776 1399 1816 (ubstantia
1432 1775 1647 1828 glanduloiii
1668 1775 1719 1815 est
1739 1807 1749 1826 ,
1783 1774 1880 1815 vbe-

553 1856 588 1884 ra
620 1840 761 1883 discissa
795 1842 935 1895 vbiquc
970 1840 1219 1893 lacxsundunt
1245 1838 1549 1880 candidiilinium
1572 1870 1582 1888 ,
1615 1838 1722 1877 dulce
1744 1870 1754 1888 ,
1785 1850 1880 1879 con·

555 1907 677 1947 sistens
698 1939 709 1955 ‚
740 1918 833 1946 cum
870 1904 964 1945 forte
1000 1905 1149 1946 ibrtuna
1184 1904 1381 1956 aliquando
1418 1903 1558 1955 pellem
1577 1913 1597 1940 a
1617 1901 1778 1941 laer-ante
1800 1913 1882 1942 ma-

559 1981 615 2009 tre
649 1970 856 2021 separarem
892 1978 932 2008 et
967 1980 1106 2009 veliam
1157 1967 1378 2007 subclauiam
1432 1965 1635 2004 inciderem
1657 1997 1667 2015 ,
1709 1965 1762 2005 lac
1798 1966 1885 2005 inde

557 2031 735 2073 effluebat
788 2032 931 2083 prorsus
964 2033 1069 2080 tale,
1113 2030 1218 2082 quale
1254 2042 1275 2068 c
1328 2030 1539 2079 mammis,
1590 2029 1699 2068 incidi
1755 2029 1880 2080 postea

553 2097 604 2138 de
634 2093 813 2137 industria
866 2095 1043 2136 arteriam
1075 2092 1370 2145 emulgentem,
1413 2103 1455 2132 ac
1490 2092 1589 2147 quod
1643 2091 1851 2132 hariolabar
1870 2122 1880 2140 ,

1724 2164 1849 2195 euenit
1871 2187 1880 2204 ,
