<?xml version="1.0" encoding="UTF-8"?>
<!DOCTYPE html PUBLIC "-//W3C//DTD XHTML 1.0 Transitional//EN"
    "http://www.w3.org/TR/xhtml1/DTD/xhtml1-transitional.dtd">
<html xmlns="http://www.w3.org/1999/xhtml" xml:lang="en" lang="en">
 <head>
  <title>
</title>
<meta http-equiv="Content-Type" content="text/html;charset=utf-8" />
  <meta name='ocr-system' content='tesseract 3.04.00' />
  <meta name='ocr-capabilities' content='ocr_page ocr_carea ocr_par ocr_line ocrx_word'/>
</head>
<body>
  <div class='ocr_page' id='page_1' title='image "./novicommentariac02impe_0336.png"; bbox 0 0 1971 2700; ppageno 0'>
   <div class='ocr_carea' id='block_1_1' title="bbox 511 177 1523 260">
    <p class='ocr_par' dir='ltr' id='par_1_1' title="bbox 511 177 1523 260">
     <span class='ocr_line' id='line_1_1' title="bbox 511 177 1523 260; baseline -0.014 -2"><span class='ocrx_word' id='word_1_1' title='bbox 511 224 602 260; x_wconf 74' lang='lat'>300</span> <span class='ocrx_word' id='word_1_2' title='bbox 890 177 1219 253; x_wconf 62' lang='lat' dir='ltr'><strong><em>DE&#39;BESTHS</em></strong></span> <span class='ocrx_word' id='word_1_3' title='bbox 1254 203 1523 250; x_wconf 79' lang='lat' dir='ltr'><em>MARIMS.</em></span> 
     </span>
    </p>
   </div>
   <div class='ocr_carea' id='block_1_2' title="bbox 496 308 1879 2288">
    <p class='ocr_par' dir='ltr' id='par_1_2' title="bbox 502 308 1822 503">
     <span class='ocr_line' id='line_1_2' title="bbox 506 308 1820 378; baseline -0.007 -12"><span class='ocrx_word' id='word_1_4' title='bbox 506 324 634 366; x_wconf 85' lang='lat' dir='ltr'>candis</span> <span class='ocrx_word' id='word_1_5' title='bbox 665 331 705 365; x_wconf 90' lang='lat' dir='ltr'>et</span> <span class='ocrx_word' id='word_1_6' title='bbox 739 322 799 365; x_wconf 88' lang='lat' dir='ltr'>ori</span> <span class='ocrx_word' id='word_1_7' title='bbox 832 308 1044 378; x_wconf 66' lang='lat' dir='ltr'>ingerefidis</span> <span class='ocrx_word' id='word_1_8' title='bbox 1083 320 1175 362; x_wconf 83' lang='lat' dir='ltr'>fucis</span> <span class='ocrx_word' id='word_1_9' title='bbox 1224 329 1332 361; x_wconf 90' lang='lat' dir='ltr'>motu</span> <span class='ocrx_word' id='word_1_10' title='bbox 1365 318 1430 360; x_wconf 89' lang='lat' dir='ltr'>suo</span> <span class='ocrx_word' id='word_1_11' title='bbox 1462 315 1613 359; x_wconf 89' lang='lat' dir='ltr'>inseruit</span> <span class='ocrx_word' id='word_1_12' title='bbox 1631 351 1643 372; x_wconf 87' lang='lat'>,</span> <span class='ocrx_word' id='word_1_13' title='bbox 1688 325 1820 368; x_wconf 54' lang='lat' dir='ltr'>adem</span> 
     </span>
     <span class='ocr_line' id='line_1_3' title="bbox 502 382 1822 440; baseline -0.002 -10"><span class='ocrx_word' id='word_1_14' title='bbox 502 391 609 430; x_wconf 84' lang='lat' dir='ltr'>enim</span> <span class='ocrx_word' id='word_1_15' title='bbox 643 390 791 430; x_wconf 80' lang='lat' dir='ltr'>ratione</span> <span class='ocrx_word' id='word_1_16' title='bbox 823 398 866 428; x_wconf 88' lang='lat' dir='ltr'>vt</span> <span class='ocrx_word' id='word_1_17' title='bbox 898 387 984 440; x_wconf 87' lang='lat' dir='ltr'>equi</span> <span class='ocrx_word' id='word_1_18' title='bbox 1017 395 1056 426; x_wconf 87' lang='lat' dir='ltr'>et</span> <span class='ocrx_word' id='word_1_19' title='bbox 1088 386 1205 426; x_wconf 86' lang='lat' dir='ltr'>boues</span> <span class='ocrx_word' id='word_1_20' title='bbox 1252 382 1413 426; x_wconf 68' lang='lat' dir='ltr'>didustis</span> <span class='ocrx_word' id='word_1_21' title='bbox 1450 394 1493 424; x_wconf 81' lang='lat' dir='ltr'>ac</span> <span class='ocrx_word' id='word_1_22' title='bbox 1532 383 1822 438; x_wconf 81' lang='lat' dir='ltr'>quodammodo</span> 
     </span>
     <span class='ocr_line' id='line_1_4' title="bbox 502 449 1146 503; baseline -0.003 -10"><span class='ocrx_word' id='word_1_23' title='bbox 502 451 599 494; x_wconf 79' lang='lat' dir='ltr'>foras</span> <span class='ocrx_word' id='word_1_24' title='bbox 630 452 737 493; x_wconf 82' lang='lat' dir='ltr'>flexis</span> <span class='ocrx_word' id='word_1_25' title='bbox 770 451 876 492; x_wconf 82' lang='lat' dir='ltr'>labiis</span> <span class='ocrx_word' id='word_1_26' title='bbox 910 449 1146 503; x_wconf 78' lang='lat' dir='ltr'>pabulantur.</span> 
     </span>
    </p>

    <p class='ocr_par' dir='ltr' id='par_1_3' title="bbox 499 505 1879 755">
     <span class='ocr_line' id='line_1_5' title="bbox 619 505 1879 568; baseline 0.002 -13"><span class='ocrx_word' id='word_1_27' title='bbox 619 515 786 556; x_wconf 84' lang='lat' dir='ltr'>Labium</span> <span class='ocrx_word' id='word_1_28' title='bbox 829 514 977 554; x_wconf 83' lang='lat' dir='ltr'>inferius</span> <span class='ocrx_word' id='word_1_29' title='bbox 1008 512 1143 554; x_wconf 89' lang='lat' dir='ltr'>itidem</span> <span class='ocrx_word' id='word_1_30' title='bbox 1191 511 1427 568; x_wconf 86' lang='lat' dir='ltr'>geminatum</span> <span class='ocrx_word' id='word_1_31' title='bbox 1447 545 1460 565; x_wconf 91' lang='lat'>,</span> <span class='ocrx_word' id='word_1_32' title='bbox 1510 521 1712 554; x_wconf 88' lang='lat' dir='ltr'>externum</span> <span class='ocrx_word' id='word_1_33' title='bbox 1764 516 1817 557; x_wconf 84' lang='lat' dir='ltr'>ni-</span> <span class='ocrx_word' id='word_1_34' title='bbox 1873 505 1879 511; x_wconf 68' lang='grc'><strong>’</strong></span> 
     </span>
     <span class='ocr_line' id='line_1_6' title="bbox 499 575 1824 634; baseline 0.002 -16"><span class='ocrx_word' id='word_1_35' title='bbox 499 590 613 633; x_wconf 83' lang='lat' dir='ltr'>grum</span> <span class='ocrx_word' id='word_1_36' title='bbox 631 611 642 631; x_wconf 91' lang='lat'>,</span> <span class='ocrx_word' id='word_1_37' title='bbox 675 578 877 634; x_wconf 85' lang='lat' dir='ltr'>glabrum,</span> <span class='ocrx_word' id='word_1_38' title='bbox 911 576 993 618; x_wconf 76' lang='lat' dir='ltr'>{etis</span> <span class='ocrx_word' id='word_1_39' title='bbox 1023 576 1183 631; x_wconf 83' lang='lat' dir='ltr'>orbum,</span> <span class='ocrx_word' id='word_1_40' title='bbox 1214 577 1295 619; x_wconf 86' lang='lat' dir='ltr'>rudi</span> <span class='ocrx_word' id='word_1_41' title='bbox 1325 576 1450 619; x_wconf 86' lang='lat' dir='ltr'>cordis</span> <span class='ocrx_word' id='word_1_42' title='bbox 1481 575 1597 631; x_wconf 70' lang='lat' dir='ltr'>figura</span> <span class='ocrx_word' id='word_1_43' title='bbox 1628 589 1671 618; x_wconf 85' lang='lat' dir='ltr'>ac</span> <span class='ocrx_word' id='word_1_44' title='bbox 1704 578 1824 620; x_wconf 74' lang='lat' dir='ltr'>veluti</span> 
     </span>
     <span class='ocr_line' id='line_1_7' title="bbox 500 640 1825 701; baseline 0.001 -18"><span class='ocrx_word' id='word_1_45' title='bbox 500 652 678 683; x_wconf 86' lang='lat' dir='ltr'>mentum</span> <span class='ocrx_word' id='word_1_46' title='bbox 700 676 711 695; x_wconf 89' lang='lat'>,</span> <span class='ocrx_word' id='word_1_47' title='bbox 745 643 771 685; x_wconf 84' lang='lat' dir='ltr'>fi</span> <span class='ocrx_word' id='word_1_48' title='bbox 805 643 857 701; x_wconf 82' lang='lat' dir='ltr'>ita</span> <span class='ocrx_word' id='word_1_49' title='bbox 890 641 1088 684; x_wconf 80' lang='lat' dir='ltr'>nominare</span> <span class='ocrx_word' id='word_1_50' title='bbox 1121 641 1279 695; x_wconf 85' lang='lat' dir='ltr'><strong>licebit,</strong></span> <span class='ocrx_word' id='word_1_51' title='bbox 1310 641 1428 687; x_wconf 77' lang='lat' dir='ltr'>latum</span> <span class='ocrx_word' id='word_1_52' title='bbox 1464 651 1507 690; x_wconf 94' lang='lat'>7.</span> <span class='ocrx_word' id='word_1_53' title='bbox 1542 640 1729 696; x_wconf 82' lang='lat' dir='ltr'>pollices,</span> <span class='ocrx_word' id='word_1_54' title='bbox 1770 642 1825 685; x_wconf 74' lang='lat' dir='ltr'>al-</span> 
     </span>
     <span class='ocr_line' id='line_1_8' title="bbox 501 709 695 755; baseline -0.005 -8"><span class='ocrx_word' id='word_1_55' title='bbox 501 714 584 747; x_wconf 87' lang='lat' dir='ltr'>tum</span> <span class='ocrx_word' id='word_1_56' title='bbox 618 709 695 755; x_wconf 49' lang='grc' dir='ltr'>ὀξυ.</span> 
     </span>
    </p>

    <p class='ocr_par' dir='ltr' id='par_1_4' title="bbox 499 768 1826 1004">
     <span class='ocr_line' id='line_1_9' title="bbox 616 768 1826 823; baseline 0 -12"><span class='ocrx_word' id='word_1_57' title='bbox 616 769 782 812; x_wconf 84' lang='lat' dir='ltr'>Labium</span> <span class='ocrx_word' id='word_1_58' title='bbox 823 771 973 813; x_wconf 82' lang='lat' dir='ltr'>inferius</span> <span class='ocrx_word' id='word_1_59' title='bbox 1018 771 1208 812; x_wconf 83' lang='lat' dir='ltr'>internum</span> <span class='ocrx_word' id='word_1_60' title='bbox 1246 771 1294 812; x_wconf 82' lang='lat' dir='ltr'>ab</span> <span class='ocrx_word' id='word_1_61' title='bbox 1339 782 1498 812; x_wconf 85' lang='lat' dir='ltr'>externo</span> <span class='ocrx_word' id='word_1_62' title='bbox 1546 768 1723 823; x_wconf 82' lang='lat' dir='ltr'>tantisper</span> <span class='ocrx_word' id='word_1_63' title='bbox 1772 770 1826 811; x_wconf 79' lang='lat' dir='ltr'>(e-</span> 
     </span>
     <span class='ocr_line' id='line_1_10' title="bbox 499 834 1826 890; baseline 0 -15"><span class='ocrx_word' id='word_1_64' title='bbox 499 843 675 890; x_wconf 79' lang='lat' dir='ltr'>pamtum</span> <span class='ocrx_word' id='word_1_65' title='bbox 709 834 1052 888; x_wconf 81' lang='lat' dir='ltr'>villosum,cl·.1uso</span> <span class='ocrx_word' id='word_1_66' title='bbox 1084 847 1151 876; x_wconf 86' lang='lat' dir='ltr'>ore</span> <span class='ocrx_word' id='word_1_67' title='bbox 1185 848 1264 875; x_wconf 84' lang='lat' dir='ltr'>nou</span> <span class='ocrx_word' id='word_1_68' title='bbox 1297 847 1484 890; x_wconf 76' lang='lat' dir='ltr'>apparet,</span> <span class='ocrx_word' id='word_1_69' title='bbox 1518 835 1602 888; x_wconf 66' lang='lat' dir='ltr'>qui-,1</span> <span class='ocrx_word' id='word_1_70' title='bbox 1620 844 1826 875; x_wconf 79' lang='lat' dir='ltr'>externum</span> 
     </span>
     <span class='ocr_line' id='line_1_11' title="bbox 502 897 1825 953; baseline -0.001 -14"><span class='ocrx_word' id='word_1_71' title='bbox 502 908 697 940; x_wconf 81' lang='lat' dir='ltr'>arcuatum</span> <span class='ocrx_word' id='word_1_72' title='bbox 731 898 818 939; x_wconf 90' lang='lat' dir='ltr'>huic</span> <span class='ocrx_word' id='word_1_73' title='bbox 854 899 1061 952; x_wconf 88' lang='lat' dir='ltr'>imminet,</span> <span class='ocrx_word' id='word_1_74' title='bbox 1092 911 1135 939; x_wconf 80' lang='lat' dir='ltr'>ac</span> <span class='ocrx_word' id='word_1_75' title='bbox 1157 898 1258 939; x_wconf 80' lang='lat' dir='ltr'>labio</span> <span class='ocrx_word' id='word_1_76' title='bbox 1293 900 1468 953; x_wconf 81' lang='lat' dir='ltr'>superiori</span> <span class='ocrx_word' id='word_1_77' title='bbox 1499 900 1651 939; x_wconf 80' lang='lat' dir='ltr'>interno</span> <span class='ocrx_word' id='word_1_78' title='bbox 1670 897 1825 953; x_wconf 69' lang='lat' dir='ltr'>oppost-</span> 
     </span>
     <span class='ocr_line' id='line_1_12' title="bbox 500 962 1036 1004; baseline 0.002 -2"><span class='ocrx_word' id='word_1_79' title='bbox 500 969 584 1004; x_wconf 86' lang='lat' dir='ltr'>tum</span> <span class='ocrx_word' id='word_1_80' title='bbox 618 975 663 1003; x_wconf 86' lang='lat' dir='ltr'>os</span> <span class='ocrx_word' id='word_1_81' title='bbox 694 962 858 1003; x_wconf 91' lang='lat' dir='ltr'>firmiter</span> <span class='ocrx_word' id='word_1_82' title='bbox 889 962 1036 1004; x_wconf 85' lang='lat' dir='ltr'>claudit.</span> 
     </span>
    </p>

    <p class='ocr_par' dir='ltr' id='par_1_5' title="bbox 497 1024 1831 1461">
     <span class='ocr_line' id='line_1_13' title="bbox 616 1024 1828 1082; baseline 0 -16"><span class='ocrx_word' id='word_1_83' title='bbox 616 1025 693 1067; x_wconf 88' lang='lat' dir='ltr'>Vbi</span> <span class='ocrx_word' id='word_1_84' title='bbox 726 1025 945 1067; x_wconf 86' lang='lat' dir='ltr'>mandibula</span> <span class='ocrx_word' id='word_1_85' title='bbox 979 1025 1132 1066; x_wconf 83' lang='lat' dir='ltr'>inferior</span> <span class='ocrx_word' id='word_1_86' title='bbox 1163 1024 1341 1079; x_wconf 78' lang='lat' dir='ltr'>superiori</span> <span class='ocrx_word' id='word_1_87' title='bbox 1384 1028 1622 1082; x_wconf 76' lang='lat' dir='ltr'>applicatur,</span> <span class='ocrx_word' id='word_1_88' title='bbox 1666 1025 1828 1080; x_wconf 76' lang='lat' dir='ltr'>spatium</span> 
     </span>
     <span class='ocr_line' id='line_1_14' title="bbox 501 1088 1828 1144; baseline 0 -14"><span class='ocrx_word' id='word_1_89' title='bbox 501 1089 731 1144; x_wconf 85' lang='lat' dir='ltr'>illud,quod</span> <span class='ocrx_word' id='word_1_90' title='bbox 764 1101 965 1144; x_wconf 67' lang='lat' dir='ltr'>Vtramque</span> <span class='ocrx_word' id='word_1_91' title='bbox 1000 1088 1161 1131; x_wconf 67' lang='lat' dir='ltr'>clauliim</span> <span class='ocrx_word' id='word_1_92' title='bbox 1197 1091 1415 1142; x_wconf 85' lang='lat' dir='ltr'>intercedit,</span> <span class='ocrx_word' id='word_1_93' title='bbox 1435 1092 1611 1143; x_wconf 82' lang='lat' dir='ltr'>congerie</span> <span class='ocrx_word' id='word_1_94' title='bbox 1637 1090 1744 1131; x_wconf 74' lang='lat' dir='ltr'>denlir</span> <span class='ocrx_word' id='word_1_95' title='bbox 1778 1090 1828 1130; x_wconf 79' lang='lat' dir='ltr'>le-</span> 
     </span>
     <span class='ocr_line' id='line_1_15' title="bbox 499 1152 1830 1209; baseline 0.002 -17"><span class='ocrx_word' id='word_1_96' title='bbox 499 1161 625 1194; x_wconf 83' lang='lat' dir='ltr'>tarum</span> <span class='ocrx_word' id='word_1_97' title='bbox 674 1152 787 1193; x_wconf 81' lang='lat' dir='ltr'>valde</span> <span class='ocrx_word' id='word_1_98' title='bbox 837 1153 1034 1194; x_wconf 76' lang='lat' dir='ltr'>craffiirum</span> <span class='ocrx_word' id='word_1_99' title='bbox 1084 1153 1354 1207; x_wconf 79' lang='lat' dir='ltr'>scsquipolliccs</span> <span class='ocrx_word' id='word_1_100' title='bbox 1403 1155 1602 1209; x_wconf 78' lang='lat' dir='ltr'>long-arum</span> <span class='ocrx_word' id='word_1_101' title='bbox 1651 1155 1830 1194; x_wconf 70' lang='lat' dir='ltr'>candida-</span> 
     </span>
     <span class='ocr_line' id='line_1_16' title="bbox 499 1215 1829 1276; baseline 0.002 -20"><span class='ocrx_word' id='word_1_102' title='bbox 499 1227 586 1256; x_wconf 84' lang='lat' dir='ltr'>rum</span> <span class='ocrx_word' id='word_1_103' title='bbox 608 1247 618 1267; x_wconf 91' lang='lat'>,</span> <span class='ocrx_word' id='word_1_104' title='bbox 652 1215 829 1269; x_wconf 87' lang='lat' dir='ltr'>impletur</span> <span class='ocrx_word' id='word_1_105' title='bbox 850 1248 861 1267; x_wconf 86' lang='lat'>,</span> <span class='ocrx_word' id='word_1_106' title='bbox 894 1229 987 1269; x_wconf 79' lang='lat' dir='ltr'>quae</span> <span class='ocrx_word' id='word_1_107' title='bbox 1021 1215 1154 1255; x_wconf 65' lang='lat' dir='ltr'>ficiunt</span> <span class='ocrx_word' id='word_1_108' title='bbox 1176 1249 1186 1266; x_wconf 88' lang='lat'>,</span> <span class='ocrx_word' id='word_1_109' title='bbox 1221 1229 1266 1256; x_wconf 87' lang='lat' dir='ltr'>ne</span> <span class='ocrx_word' id='word_1_110' title='bbox 1302 1217 1394 1269; x_wconf 81' lang='lat' dir='ltr'>quid</span> <span class='ocrx_word' id='word_1_111' title='bbox 1426 1219 1518 1256; x_wconf 87' lang='lat' dir='ltr'>inter</span> <span class='ocrx_word' id='word_1_112' title='bbox 1553 1217 1829 1276; x_wconf 63' lang='lat' dir='ltr'>masticandum</span> 
     </span>
     <span class='ocr_line' id='line_1_17' title="bbox 497 1278 1826 1333; baseline 0.002 -15"><span class='ocrx_word' id='word_1_113' title='bbox 497 1290 552 1318; x_wconf 82' lang='lat' dir='ltr'>ex</span> <span class='ocrx_word' id='word_1_114' title='bbox 585 1290 652 1319; x_wconf 88' lang='lat' dir='ltr'>ore</span> <span class='ocrx_word' id='word_1_115' title='bbox 685 1280 833 1319; x_wconf 76' lang='lat' dir='ltr'>excidat</span> <span class='ocrx_word' id='word_1_116' title='bbox 868 1280 931 1319; x_wconf 87' lang='lat' dir='ltr'>vel</span> <span class='ocrx_word' id='word_1_117' title='bbox 966 1280 1069 1332; x_wconf 84' lang='lat' dir='ltr'>aquis</span> <span class='ocrx_word' id='word_1_118' title='bbox 1102 1278 1211 1319; x_wconf 70' lang='lat' dir='ltr'>timul</span> <span class='ocrx_word' id='word_1_119' title='bbox 1246 1279 1389 1320; x_wconf 72' lang='lat' dir='ltr'>‘eluatur</span> <span class='ocrx_word' id='word_1_120' title='bbox 1411 1312 1421 1330; x_wconf 84' lang='lat'>,</span> <span class='ocrx_word' id='word_1_121' title='bbox 1474 1291 1569 1333; x_wconf 73' lang='lat' dir='ltr'>qrme</span> <span class='ocrx_word' id='word_1_122' title='bbox 1619 1281 1826 1320; x_wconf 74' lang='lat' dir='ltr'>constanter</span> 
     </span>
     <span class='ocr_line' id='line_1_18' title="bbox 498 1341 1831 1397; baseline 0.002 -15"><span class='ocrx_word' id='word_1_123' title='bbox 498 1352 575 1382; x_wconf 77' lang='lat' dir='ltr'>vna</span> <span class='ocrx_word' id='word_1_124' title='bbox 608 1343 646 1382; x_wconf 90' lang='lat' dir='ltr'>in</span> <span class='ocrx_word' id='word_1_125' title='bbox 677 1353 720 1382; x_wconf 85' lang='lat' dir='ltr'>os</span> <span class='ocrx_word' id='word_1_126' title='bbox 752 1343 989 1394; x_wconf 82' lang='lat' dir='ltr'>irruunt,&#39;et</span> <span class='ocrx_word' id='word_1_127' title='bbox 1021 1341 1141 1382; x_wconf 76' lang='lat' dir='ltr'>clauso</span> <span class='ocrx_word' id='word_1_128' title='bbox 1173 1355 1240 1383; x_wconf 87' lang='lat' dir='ltr'>ore</span> <span class='ocrx_word' id='word_1_129' title='bbox 1271 1356 1340 1397; x_wconf 88' lang='lat' dir='ltr'>per</span> <span class='ocrx_word' id='word_1_130' title='bbox 1376 1343 1449 1384; x_wconf 67' lang='lat' dir='ltr'>ho&gt;</span> <span class='ocrx_word' id='word_1_131' title='bbox 1481 1343 1598 1384; x_wconf 72' lang='lat' dir='ltr'>hiatus</span> <span class='ocrx_word' id='word_1_132' title='bbox 1616 1342 1739 1383; x_wconf 84' lang='lat' dir='ltr'>denuo</span> <span class='ocrx_word' id='word_1_133' title='bbox 1757 1353 1831 1384; x_wconf 75' lang='lat' dir='ltr'>ex·</span> 
     </span>
     <span class='ocr_line' id='line_1_19' title="bbox 501 1405 702 1461; baseline 0 -15"><span class='ocrx_word' id='word_1_134' title='bbox 501 1405 702 1461; x_wconf 87' lang='lat' dir='ltr'>pelluntur.</span> 
     </span>
    </p>

    <p class='ocr_par' dir='ltr' id='par_1_6' title="bbox 497 1467 1846 1719">
     <span class='ocr_line' id='line_1_20' title="bbox 614 1467 1826 1522; baseline -0.001 -11"><span class='ocrx_word' id='word_1_135' title='bbox 614 1467 723 1512; x_wconf 83' lang='lat' dir='ltr'>Setae</span> <span class='ocrx_word' id='word_1_136' title='bbox 755 1479 883 1512; x_wconf 86' lang='lat' dir='ltr'>autem</span> <span class='ocrx_word' id='word_1_137' title='bbox 915 1468 984 1510; x_wconf 81' lang='lat' dir='ltr'>hae</span> <span class='ocrx_word' id='word_1_138' title='bbox 1017 1468 1172 1510; x_wconf 74' lang='lat' dir='ltr'>crassitie</span> <span class='ocrx_word' id='word_1_139' title='bbox 1190 1469 1358 1510; x_wconf 78' lang='lat' dir='ltr'>calamos</span> <span class='ocrx_word' id='word_1_140' title='bbox 1375 1468 1617 1511; x_wconf 81' lang='lat' dir='ltr'>columbinos</span> <span class='ocrx_word' id='word_1_141' title='bbox 1635 1477 1826 1522; x_wconf 77' lang='lat' dir='ltr'>aequant,</span> 
     </span>
     <span class='ocr_line' id='line_1_21' title="bbox 498 1531 1846 1587; baseline -0.001 -12"><span class='ocrx_word' id='word_1_142' title='bbox 498 1534 677 1575; x_wconf 84' lang='lat' dir='ltr'>candidae</span> <span class='ocrx_word' id='word_1_143' title='bbox 709 1534 789 1575; x_wconf 82' lang='lat' dir='ltr'>sunt</span> <span class='ocrx_word' id='word_1_144' title='bbox 809 1568 819 1587; x_wconf 89' lang='lat'>,</span> <span class='ocrx_word' id='word_1_145' title='bbox 854 1535 951 1574; x_wconf 82' lang='lat' dir='ltr'>intus</span> <span class='ocrx_word' id='word_1_146' title='bbox 986 1533 1168 1574; x_wconf 72' lang='lat' dir='ltr'>fistuloliie</span> <span class='ocrx_word' id='word_1_147' title='bbox 1190 1567 1200 1584; x_wconf 89' lang='lat'>,</span> <span class='ocrx_word' id='word_1_148' title='bbox 1233 1533 1355 1574; x_wconf 82' lang='lat' dir='ltr'>subtus</span> <span class='ocrx_word' id='word_1_149' title='bbox 1415 1531 1587 1585; x_wconf 66' lang='lat' dir='ltr'>bulboliae</span> <span class='ocrx_word' id='word_1_150' title='bbox 1607 1565 1617 1583; x_wconf 92' lang='lat'>,</span> <span class='ocrx_word' id='word_1_151' title='bbox 1668 1532 1846 1574; x_wconf 54' lang='lat' dir='ltr'>struem·</span> 
     </span>
     <span class='ocr_line' id='line_1_22' title="bbox 497 1594 1826 1652; baseline -0.002 -12"><span class='ocrx_word' id='word_1_152' title='bbox 497 1610 654 1652; x_wconf 76' lang='lat' dir='ltr'>tamque</span> <span class='ocrx_word' id='word_1_153' title='bbox 688 1596 856 1652; x_wconf 89' lang='lat' dir='ltr'>pilorum</span> <span class='ocrx_word' id='word_1_154' title='bbox 890 1597 1102 1639; x_wconf 85' lang='lat' dir='ltr'>nostrorum</span> <span class='ocrx_word' id='word_1_155' title='bbox 1139 1594 1224 1640; x_wconf 76' lang='lat' dir='ltr'>sine&#39;</span> <span class='ocrx_word' id='word_1_156' title='bbox 1247 1598 1487 1652; x_wconf 70' lang='lat' dir='ltr'>micrvscopii</span> <span class='ocrx_word' id='word_1_157' title='bbox 1539 1609 1614 1652; x_wconf 84' lang='lat' dir='ltr'>ope</span> <span class='ocrx_word' id='word_1_158' title='bbox 1650 1596 1826 1651; x_wconf 84' lang='lat' dir='ltr'>pulcher-</span> 
     </span>
     <span class='ocr_line' id='line_1_23' title="bbox 498 1661 952 1719; baseline -0.004 -16"><span class='ocrx_word' id='word_1_159' title='bbox 498 1661 598 1719; x_wconf 67' lang='lat' dir='ltr'>rime</span> <span class='ocrx_word' id='word_1_160' title='bbox 629 1662 747 1702; x_wconf 87' lang='lat' dir='ltr'>oculis</span> <span class='ocrx_word' id='word_1_161' title='bbox 777 1662 952 1702; x_wconf 83' lang='lat' dir='ltr'>offerunt.</span> 
     </span>
    </p>

    <p class='ocr_par' dir='ltr' id='par_1_7' title="bbox 496 1724 1829 2225">
     <span class='ocr_line' id='line_1_24' title="bbox 613 1724 1825 1779; baseline -0.002 -12"><span class='ocrx_word' id='word_1_162' title='bbox 613 1724 654 1767; x_wconf 91' lang='lat' dir='ltr'>Si</span> <span class='ocrx_word' id='word_1_163' title='bbox 687 1726 829 1766; x_wconf 78' lang='lat' dir='ltr'>animal</span> <span class='ocrx_word' id='word_1_164' title='bbox 864 1737 1027 1779; x_wconf 82' lang='lat' dir='ltr'>pronum</span> <span class='ocrx_word' id='word_1_165' title='bbox 1048 1727 1084 1766; x_wconf 87' lang='lat' dir='ltr'>in</span> <span class='ocrx_word' id='word_1_166' title='bbox 1104 1735 1232 1765; x_wconf 82' lang='lat' dir='ltr'>uentre</span> <span class='ocrx_word' id='word_1_167' title='bbox 1267 1726 1390 1774; x_wconf 82' lang='lat' dir='ltr'>iacet,</span> <span class='ocrx_word' id='word_1_168' title='bbox 1423 1735 1640 1765; x_wconf 77' lang='lat' dir='ltr'>extremum</span> <span class='ocrx_word' id='word_1_169' title='bbox 1663 1724 1825 1765; x_wconf 82' lang='lat' dir='ltr'>rostrum</span> 
     </span>
     <span class='ocr_line' id='line_1_25' title="bbox 498 1788 1826 1843; baseline -0.002 -13"><span class='ocrx_word' id='word_1_170' title='bbox 498 1788 538 1830; x_wconf 87' lang='lat' dir='ltr'>in</span> <span class='ocrx_word' id='word_1_171' title='bbox 572 1789 842 1843; x_wconf 83' lang='lat' dir='ltr'>perpendiculo</span> <span class='ocrx_word' id='word_1_172' title='bbox 871 1802 892 1829; x_wconf 76' lang='lat' dir='ltr'>a</span> <span class='ocrx_word' id='word_1_173' title='bbox 927 1791 1072 1829; x_wconf 72' lang='lat' dir='ltr'>naribus</span> <span class='ocrx_word' id='word_1_174' title='bbox 1105 1790 1151 1829; x_wconf 75' lang='lat' dir='ltr'>ad</span> <span class='ocrx_word' id='word_1_175' title='bbox 1188 1790 1281 1829; x_wconf 75' lang='lat' dir='ltr'>labia</span> <span class='ocrx_word' id='word_1_176' title='bbox 1321 1795 1359 1829; x_wconf 85' lang='grc'>8.</span> <span class='ocrx_word' id='word_1_177' title='bbox 1398 1790 1488 1843; x_wconf 87' lang='lat' dir='ltr'>poll.</span> <span class='ocrx_word' id='word_1_178' title='bbox 1525 1789 1668 1841; x_wconf 84' lang='lat' dir='ltr'>altum,</span> <span class='ocrx_word' id='word_1_179' title='bbox 1702 1800 1779 1830; x_wconf 81' lang='lat' dir='ltr'>tam</span> <span class='ocrx_word' id='word_1_180' title='bbox 1803 1800 1826 1828; x_wconf 82' lang='lat' dir='ltr'>a</span> 
     </span>
     <span class='ocr_line' id='line_1_26' title="bbox 497 1851 1823 1906; baseline 0.001 -14"><span class='ocrx_word' id='word_1_181' title='bbox 497 1853 646 1893; x_wconf 81' lang='lat' dir='ltr'>naribus</span> <span class='ocrx_word' id='word_1_182' title='bbox 679 1851 798 1893; x_wconf 80' lang='lat' dir='ltr'>versus</span> <span class='ocrx_word' id='word_1_183' title='bbox 838 1853 932 1894; x_wconf 77' lang='lat' dir='ltr'>labia</span> <span class='ocrx_word' id='word_1_184' title='bbox 983 1863 1185 1904; x_wconf 79' lang='lat' dir='ltr'>extrema,</span> <span class='ocrx_word' id='word_1_185' title='bbox 1220 1866 1337 1906; x_wconf 81' lang='lat' dir='ltr'>quam</span> <span class='ocrx_word' id='word_1_186' title='bbox 1380 1852 1499 1893; x_wconf 63' lang='lat' dir='ltr'>veritis</span> <span class='ocrx_word' id='word_1_187' title='bbox 1547 1865 1630 1892; x_wconf 77' lang='lat' dir='ltr'>oras</span> <span class='ocrx_word' id='word_1_188' title='bbox 1677 1852 1823 1893; x_wconf 77' lang='lat' dir='ltr'>mandi-</span> 
     </span>
     <span class='ocr_line' id='line_1_27' title="bbox 498 1914 1827 1970; baseline 0.001 -15"><span class='ocrx_word' id='word_1_189' title='bbox 498 1914 602 1955; x_wconf 80' lang='lat' dir='ltr'>bulae</span> <span class='ocrx_word' id='word_1_190' title='bbox 636 1916 829 1970; x_wconf 78' lang='lat' dir='ltr'>superioris</span> <span class='ocrx_word' id='word_1_191' title='bbox 879 1916 1048 1957; x_wconf 78' lang='lat' dir='ltr'>laterales</span> <span class='ocrx_word' id='word_1_192' title='bbox 1083 1916 1207 1957; x_wconf 84' lang='lat' dir='ltr'>trochi</span> <span class='ocrx_word' id='word_1_193' title='bbox 1241 1929 1349 1957; x_wconf 86' lang='lat' dir='ltr'>more</span> <span class='ocrx_word' id='word_1_194' title='bbox 1386 1918 1544 1957; x_wconf 79' lang='lat' dir='ltr'>anterius</span> <span class='ocrx_word' id='word_1_195' title='bbox 1576 1917 1827 1968; x_wconf 69' lang='lat' dir='ltr'>rotundatur,</span> 
     </span>
     <span class='ocr_line' id='line_1_28' title="bbox 498 1978 1821 2032; baseline 0.002 -16"><span class='ocrx_word' id='word_1_196' title='bbox 498 1978 642 2018; x_wconf 81' lang='lat' dir='ltr'>craffius</span> <span class='ocrx_word' id='word_1_197' title='bbox 658 1980 865 2031; x_wconf 80' lang='lat' dir='ltr'>euadit,:1c</span> <span class='ocrx_word' id='word_1_198' title='bbox 898 1980 1045 2020; x_wconf 82' lang='lat' dir='ltr'>ambitu</span> <span class='ocrx_word' id='word_1_199' title='bbox 1065 1981 1299 2032; x_wconf 76' lang='lat' dir='ltr'>suorepcutc</span> <span class='ocrx_word' id='word_1_200' title='bbox 1334 1989 1496 2031; x_wconf 77' lang='lat' dir='ltr'>augetur.</span> <span class='ocrx_word' id='word_1_201' title='bbox 1542 1978 1657 2018; x_wconf 73' lang='lat' dir='ltr'>Labia</span> <span class='ocrx_word' id='word_1_202' title='bbox 1691 1982 1821 2020; x_wconf 63' lang='lat' dir='ltr'>extet-</span> 
     </span>
     <span class='ocr_line' id='line_1_29' title="bbox 497 2041 1826 2093; baseline 0.002 -13"><span class='ocrx_word' id='word_1_203' title='bbox 497 2052 544 2080; x_wconf 80' lang='lat' dir='ltr'>na</span> <span class='ocrx_word' id='word_1_204' title='bbox 580 2042 685 2082; x_wconf 83' lang='lat' dir='ltr'>valde</span> <span class='ocrx_word' id='word_1_205' title='bbox 719 2043 865 2083; x_wconf 81' lang='lat' dir='ltr'>tumida</span> <span class='ocrx_word' id='word_1_206' title='bbox 886 2075 895 2093; x_wconf 93' lang='lat'>‚</span> <span class='ocrx_word' id='word_1_207' title='bbox 930 2042 1039 2082; x_wconf 80' lang='lat' dir='ltr'>cmffi</span> <span class='ocrx_word' id='word_1_208' title='bbox 1072 2052 1108 2081; x_wconf 89' lang='lat' dir='ltr'>et</span> <span class='ocrx_word' id='word_1_209' title='bbox 1144 2042 1266 2081; x_wconf 69' lang='lat' dir='ltr'>iniiam</span> <span class='ocrx_word' id='word_1_210' title='bbox 1311 2041 1389 2081; x_wconf 86' lang='lat' dir='ltr'>sunt</span> <span class='ocrx_word' id='word_1_211' title='bbox 1411 2074 1420 2091; x_wconf 88' lang='lat'>,</span> <span class='ocrx_word' id='word_1_212' title='bbox 1458 2053 1500 2080; x_wconf 81' lang='lat' dir='ltr'>vt</span> <span class='ocrx_word' id='word_1_213' title='bbox 1536 2042 1570 2081; x_wconf 81' lang='lat' dir='ltr'>iu</span> <span class='ocrx_word' id='word_1_214' title='bbox 1606 2043 1696 2083; x_wconf 66' lang='lat' dir='ltr'>catis</span> <span class='ocrx_word' id='word_1_215' title='bbox 1746 2054 1826 2083; x_wconf 84' lang='lat' dir='ltr'>cre-</span> 
     </span>
     <span class='ocr_line' id='line_1_30' title="bbox 496 2103 1826 2158; baseline 0.002 -14"><span class='ocrx_word' id='word_1_216' title='bbox 496 2103 571 2144; x_wconf 88' lang='lat' dir='ltr'>bris</span> <span class='ocrx_word' id='word_1_217' title='bbox 600 2115 642 2142; x_wconf 85' lang='lat' dir='ltr'>ac</span> <span class='ocrx_word' id='word_1_218' title='bbox 676 2104 811 2157; x_wconf 80' lang='lat' dir='ltr'>amplis</span> <span class='ocrx_word' id='word_1_219' title='bbox 843 2107 946 2157; x_wconf 88' lang='lat' dir='ltr'>poris</span> <span class='ocrx_word' id='word_1_220' title='bbox 978 2103 1120 2158; x_wconf 72' lang='lat' dir='ltr'>per-ruffi</span> <span class='ocrx_word' id='word_1_221' title='bbox 1141 2135 1151 2153; x_wconf 85' lang='lat'>,</span> <span class='ocrx_word' id='word_1_222' title='bbox 1187 2116 1209 2141; x_wconf 83' lang='lat' dir='ltr'>c</span> <span class='ocrx_word' id='word_1_223' title='bbox 1244 2105 1379 2156; x_wconf 82' lang='lat' dir='ltr'>quibus</span> <span class='ocrx_word' id='word_1_224' title='bbox 1412 2104 1560 2158; x_wconf 77' lang='lat' dir='ltr'>lingulis</span> <span class='ocrx_word' id='word_1_225' title='bbox 1591 2105 1684 2146; x_wconf 79' lang='lat' dir='ltr'>setae</span> <span class='ocrx_word' id='word_1_226' title='bbox 1717 2107 1826 2147; x_wconf 85' lang='lat' dir='ltr'>robu-</span> 
     </span>
     <span class='ocr_line' id='line_1_31' title="bbox 497 2165 1829 2225; baseline 0 -17"><span class='ocrx_word' id='word_1_227' title='bbox 497 2166 570 2208; x_wconf 78' lang='lat' dir='ltr'>stae</span> <span class='ocrx_word' id='word_1_228' title='bbox 600 2165 705 2209; x_wconf 79' lang='lat' dir='ltr'>albae</span> <span class='ocrx_word' id='word_1_229' title='bbox 737 2168 956 2223; x_wconf 81' lang='lat' dir='ltr'>prodeunt,</span> <span class='ocrx_word' id='word_1_230' title='bbox 991 2166 1123 2209; x_wconf 77' lang='lat' dir='ltr'>lensim</span> <span class='ocrx_word' id='word_1_231' title='bbox 1143 2167 1333 2209; x_wconf 68' lang='lat' dir='ltr'>crailiorcs</span> <span class='ocrx_word' id='word_1_232' title='bbox 1353 2201 1363 2220; x_wconf 82' lang='lat'>,</span> <span class='ocrx_word' id='word_1_233' title='bbox 1396 2181 1474 2223; x_wconf 87' lang='lat' dir='ltr'>quo</span> <span class='ocrx_word' id='word_1_234' title='bbox 1499 2171 1699 2225; x_wconf 85' lang='lat' dir='ltr'>propiores</span> <span class='ocrx_word' id='word_1_235' title='bbox 1719 2169 1829 2210; x_wconf 64' lang='lat' dir='ltr'>rifiui</span> 
     </span>
    </p>

    <p class='ocr_par' dir='ltr' id='par_1_8' title="bbox 1759 2230 1830 2288">
     <span class='ocr_line' id='line_1_32' title="bbox 1759 2230 1830 2288; baseline 0 0"><span class='ocrx_word' id='word_1_236' title='bbox 1759 2230 1830 2288; x_wconf 67' lang='lat' dir='ltr'>³12st</span> 
     </span>
    </p>
   </div>
  </div>
 </body>
</html>
