1971 2700
481 230 572 270 266
749 224 1104 277 OBSERVATIO
1138 222 1507 273 ANATOMICA

477 344 634 384 curatius
653 343 803 384 tradidit
821 343 980 386 Albinus
999 342 1080 399 (a).
1105 343 1293 397 Repetite
1310 343 1350 384 in
1371 344 1556 396 vtriusque
1574 341 1677 384 sexus
1700 346 1804 388 eada-

479 407 627 453 ueribus
656 408 947 462 quamplurimis
963 408 1144 448 examine
1161 407 1456 458 accumtissimo,
1490 409 1590 461 quod
1618 419 1670 448 eo
1687 419 1806 461 magis

479 472 738 513 commodum
761 503 773 522 ,
790 472 876 524 quia
896 472 935 515 in
954 472 1065 513 omni
1082 482 1252 525 apertura
1275 473 1446 526 corporis
1472 472 1549 513 hoc
1584 478 1806 513 extremum

478 534 656 580 facillime
674 534 901 586 denudatur,
919 533 1073 590 semper
1089 535 1324 590 deprehendi
1342 536 1460 578 solam
1481 536 1719 578 insertionem
1741 546 1809 588 pet

478 600 546 639 tria
565 599 714 639 dentata
735 608 911 640 extrema
931 599 1046 640 tribus
1064 599 1284 642 inferiorum
1305 601 1488 642 costarum
1519 613 1689 641 verarum
1728 611 1809 640 cat-

479 662 690 715 tilaginibus
709 695 720 714 ‚
739 664 1043 717 quandoquidem
1063 697 1073 716 ,
1091 663 1152 706 sed
1174 666 1280 707 iarius
1299 698 1310 716 ,
1345 665 1458 706 etiam
1493 665 1644 718 quintae
1686 663 1811 705 costae

480 726 599 771 osseae
651 728 750 781 parti
809 738 1006 769 extremae
1026 761 1036 779 ,
1099 729 1165 770 vbi
1218 729 1254 769 in
1302 730 1560 783 cartilaginem
1614 729 1811 770 continua-

479 800 552 834 tur.
619 790 812 837 Extrema
841 802 971 833 autem
1006 793 1091 835 bina
1126 795 1269 835 maiora
1306 794 1406 847 prius
1438 795 1573 834 abeunt
1607 795 1644 833 in
1688 791 1795 833 tendi

478 866 546 896 nes
584 865 788 898 extenuata
808 888 820 908 ,
862 857 1037 901 maxime
1092 856 1365 911 longiffimum.
1431 856 1699 899 Breuiilimum
1749 868 1813 896 au·

479 928 563 961 tem
597 919 722 961 costae
750 918 931 973 septimae
973 921 1178 974 cartilagini
1216 920 1384 962 inflentur
1417 923 1638 976 plerumque
1684 930 1809 960 carne-

479 996 547 1025 um
560 1016 570 1035 ,
587 983 810 1038 quandoque
830 983 956 1024 sterno
974 985 1157 1038 proxime
1175 996 1371 1037 carneum,
1396 997 1507 1040 atque
1527 986 1614 1028 inde
1635 985 1815 1025 remotius

482 1048 704 1089 tendineum
733 1047 864 1088 sensim
909 1048 1046 1100 latius,
1077 1061 1155 1102 quo
1188 1049 1308 1102 magis
1341 1061 1363 1089 a
1397 1049 1519 1090 sterno
1544 1049 1662 1090 distat.
1693 1048 1759 1090 13st
1779 1049 1814 1086 in

480 1112 561 1153 aliis
590 1112 810 1165 corporibus
829 1111 983 1153 interno
1028 1115 1207 1153 omnium
1251 1113 1545 1154 extremitatum
1565 1114 1722 1166 margini
1758 1113 1815 1151 in-

482 1175 610 1217 feriori
643 1175 823 1215 exteriori
857 1174 938 1215 suae
973 1176 1197 1228 cartilaginis
1237 1177 1412 1230 cuiusque
1445 1188 1551 1218 acuta
1596 1186 1634 1217 et
1683 1176 1815 1218 tenuis.

485 1239 555 1282 Est
586 1239 625 1279 in
656 1239 738 1279 aliis
771 1239 909 1279 iterum
953 1239 1086 1280 eadem
1123 1239 1169 1280 ad
1204 1250 1356 1292 partem
1389 1240 1593 1280 earundem
1645 1241 1818 1282 mediam

485 1303 733 1345 anteriorem.
781 1302 941 1344 Obtinet
976 1303 1051 1343 hoc
1085 1303 1258 1357 inprimis
1290 1303 1328 1343 in
1360 1314 1540 1343 extremo
1573 1303 1703 1344 medio
1721 1337 1731 1355 ‚
1773 1312 1818 1342 vt

484 1367 791 1421 quandoquidem
824 1366 930 1406 recto
973 1367 1140 1407 termino
1190 1366 1355 1407 desinens
1386 1379 1409 1406 a
1443 1366 1556 1407 latete
1608 1368 1786 1407 interiore
1805 1397 1817 1417 ,

484 1433 521 1472 id
553 1430 606 1471 est
639 1430 804 1470 sternum
839 1428 961 1471 versus
983 1460 994 1481 ‚
1030 1429 1250 1470 inferiorem
1285 1438 1435 1482 partem
1487 1429 1711 1482 cartilaginis
1751 1440 1819 1470 co·

486 1495 563 1536 stae
595 1494 717 1535 sextae
750 1503 882 1549 tangat
915 1506 954 1535 et
987 1504 1111 1549 tegat,
1146 1494 1235 1535 inde
1266 1504 1361 1534 vero
1394 1492 1527 1534 sensim
1560 1493 1608 1533 ad
1641 1493 1728 1533 latus
1747 1504 1820 1533 ex·

485 1570 635 1600 ternum
657 1591 667 1610 ,
696 1558 762 1599 vbi
782 1560 940 1600 tertium
961 1559 1032 1600 siue
1051 1557 1309 1612 longissimum
1335 1566 1557 1598 extremum
1583 1557 1689 1597 iuxta
1741 1555 1818 1597 hoc

488 1623 673 1664 adstendit
694 1655 704 1673 ,
723 1624 888 1663 eiusdem
908 1623 1134 1675 cartilaginis
1154 1621 1315 1675 margini
1337 1620 1517 1675 superiori
1539 1621 1787 1675 implantetur
1806 1653 1817 1671 ,

487 1698 613 1741 regens
631 1686 796 1726 eandem
817 1685 877 1726 sub
909 1686 943 1726 se
968 1686 1169 1727 decliuem.
1225 1685 1275 1726 Et
1295 1685 1367 1725 hoc
1398 1685 1535 1726 iterum
1562 1686 1640 1725 iam
1670 1685 1820 1725 videtur

487 1750 675 1792 annotasse
694 1750 911 1791 Eustacliius
932 1783 942 1802 ,
976 1750 1097 1791 tabula
1116 1751 1261 1790 etenim
1283 1748 1472 1803 trigesima
1491 1749 1643 1790 secunda
1665 1749 1821 1790 exhibet

489 1815 646 1858 musculi
678 1814 768 1855 resti
789 1826 966 1855 extrema
988 1816 1197 1868 pertingere
1217 1813 1391 1854 tendinea
1410 1815 1455 1854 ad
1477 1824 1628 1868 partem
1656 1814 1818 1854 anterio-

489 1892 573 1920 rem
595 1879 703 1920 simul
721 1889 757 1918 et
778 1878 1014 1931 inferiorem,
1034 1879 1154 1919 tabula
1173 1889 1301 1919 autem
1322 1877 1514 1932 trigesima
1543 1877 1648 1919 tertia
1667 1877 1711 1916 ad
1734 1888 1819 1929 par-

490 1953 569 1983 tem
589 1944 742 1996 quidem
763 1945 990 1984 anteriorem
1012 1976 1023 1994 ,
1057 1941 1111 1982 sed
1139 1952 1177 1982 et
1196 1942 1303 1982 simul
1324 1941 1491 1982 mediam
1529 1941 1640 1981 trium
1676 1942 1820 1981 cartila-

489 2008 618 2059 ginum
648 2008 830 2047 dist-arum
851 2007 1035 2046 costarum
1048 2040 1057 2057 ,
1076 2006 1259 2056 septimae
1278 2004 1435 2053 scilicet,
1455 2003 1578 2043 sextae
1596 2015 1634 2044 et
1654 2007 1816 2057 qiiintae.

607 2069 682 2109 Vbi
716 2082 843 2110 autem
865 2070 1014 2110 musculi
1039 2069 1127 2108 recti
1147 2067 1362 2108 abdominis
1383 2075 1464 2119 pars
1500 2067 1665 2121 superior
1693 2069 1816 2108 thora-

490 2146 576 2174 ccm
597 2132 724 2173 adl'ccn
740 2135 781 2172 lit
803 2166 812 2182 ,
835 2146 854 2172 a
877 2143 978 2186 parte
1000 2132 1174 2172 interiore
1214 2132 1316 2170 iuxta
1356 2131 1494 2172 lineam
1521 2132 1645 2175 albam
1685 2144 1820 2185 parem

492 2197 593 2239 suum
615 2197 688 2238 sere
708 2195 854 2251 stmpcr
875 2200 1011 2251 tangit,
1033 2195 1256 2251 (obtinente
1284 2195 1321 2234 in
1339 2195 1520 2237 cadauere
1546 2195 1639 2238 statu
1665 2196 1816 2248 expira-

1743 2270 1818 2298 tlo-

650 2339 712 2383 (2)
754 2337 866 2374 rimor.
896 2334 1025 2372 Manui.
1053 2333 1124 2369 Lib.
1151 2331 1207 2373 ιιι.
1233 2332 1310 2381 σιμ
1340 2321 1556 2373 ωικνιιι.’
