1971 2700
147 160 406 231 ιΝριἹΞΙΤ.
435 168 497 212 ΙΝ
537 163 766 211 RATloN.
814 162 1216 210 PRAENOMEN!
1247 177 1314 211 cet.
1356 184 1437 222 14³

148 283 248 324 Hinc
280 282 476 324 humiditas
504 279 598 320 a'e‘ris
631 277 817 317 calidioris
839 308 849 326 ‚
883 291 996 331 quam
1032 278 1143 319 maffa
1176 291 1291 332 aquea
1309 292 1448 333 euapo-

147 346 259 387 randa
293 346 344 386 est
376 344 606 386 contrarium
637 339 787 381 efficere
819 341 999 394 videtur,
1033 341 1108 382 scil.
1144 343 1340 383 minorem
1359 354 1445 382 eua-

147 410 386 463 potationem
418 407 550 449 massae
583 403 736 444 maioris
766 417 878 458 quam
910 404 1046 446 massae
1079 405 1252 446 minoris.
1322 406 1459 450 Reuex

144 485 186 512 ra
218 482 344 512 tamen
363 504 374 524 ‚
402 482 486 511 cum
515 468 589 509 hoc
621 477 866 521 augmentum
908 481 986 509 non
1037 468 1147 523 poffit
1197 468 1267 509 effe
1300 469 1450 509 alicuius

147 535 368 587 momenti,
399 545 482 574 cum
514 543 650 585 paucae
683 531 881 584 particulae
915 545 982 584 per
1015 535 1142 573 ae‘rem
1177 532 1354 586 disperfiie
1391 531 1444 572 su-

147 599 340 652 perficiem
374 607 485 650 aquae
517 594 704 637 offendere
737 594 871 647 pofflnt
893 628 903 647 ,
935 606 972 636 et
1006 597 1032 637 si
1065 597 1178 636 etiam
1201 605 1360 649 ponatur
1378 595 1446 635 ali-

141 662 246 702 cuius
284 660 500 712 momenti,
549 670 622 698 non
654 658 776 712 potest
807 659 881 698 dici
930 660 1237 713 euaporationem
1290 659 1446 699 minoris

151 724 283 766 massae
314 723 383 765 ess'e
414 723 602 765 maiorem
624 753 635 774 ,
665 733 754 762 cum
788 723 1005 776 euaporatio
1037 721 1135 762 nulla
1167 720 1241 762 hoc
1257 721 1337 762 casu
1368 722 1449 762 fiat.

260 819 283 867 ξ
321 831 387 870 14.
420 816 462 859 Si
492 816 593 858 dieta
627 818 723 859 bene
755 818 1017 871 perpendimus
1048 817 1145 857 ratio
1197 814 1449 869 profunditatis

148 893 264 934 aquae
296 883 419 922 minas
449 881 500 921 est
532 880 696 921 habenda
716 913 726 932 ,
760 893 869 934 quam
904 880 1101 921 maffarum
1138 879 1184 919 ad
1211 880 1450 933 euaporatio-

146 956 236 984 nem
268 945 518 998 expositarum
553 952 593 983 et
623 943 895 997 superficlerum
937 944 1136 983 earundem
1157 974 1169 994 ,
1207 951 1288 982 tam
1318 953 1447 983 earum

144 1007 271 1059 quibus
301 1008 432 1048 massae
463 1007 824 1060 comprehenduntur
842 1038 853 1058 ,
885 1018 997 1059 quam
1029 1016 1158 1046 earum
1177 1037 1189 1058 ,
1240 1016 1333 1059 quae
1372 1004 1450 1046 a‘e'ri

146 1067 325 1122 frigidiori
355 1070 540 1124 expositae
574 1070 665 1109 lunt.
730 1066 784 1122 (§.
806 1068 839 1117 ξ.
875 1078 918 1117 7.
959 1080 1026 1108 10.
1068 1067 1132 1123 1.)

262 1164 296 1211 ξ.
322 1173 390 1210 15.
426 1161 535 1201 Licet
567 1162 848 1214 euaporationes
897 1173 1070 1214 aquarum
1101 1162 1141 1200 in
1171 1161 1264 1202 vasis
1293 1161 1330 1201 in
1361 1164 1450 1203 ae're

144 1224 311 1276 pendulis
361 1231 400 1262 et
450 1223 612 1263 tenuium
663 1226 845 1276 parietum
898 1223 1229 1278 homogeneaeque
1270 1225 1449 1266 materiae

142 1286 211 1328 fint
241 1286 287 1327 sic
319 1295 555 1338 comparatae
575 1318 586 1337 ‚
617 1296 662 1326 vt
700 1287 823 1328 maior
864 1297 902 1326 et
946 1287 1165 1340 profundior
1206 1288 1320 1329 mafla
1368 1287 1450 1342 plus

143 1357 347 1402 euaporet‚
381 1361 490 1401 quam
526 1350 649 1389 minor
680 1361 718 1390 et
749 1350 872 1390 minus
904 1349 1082 1403 profunda
1115 1351 1228 1391 maffa
1251 1384 1261 1403 ,
1295 1351 1448 1405 iuperfi-

143 1412 268 1452 ciebus
298 1411 503 1464 aequalibus
534 1424 645 1464 aquae
676 1413 754 1453 ae'ri
789 1414 995 1466 expositiS,
1032 1423 1070 1452 et
1103 1414 1293 1466 superficie
1322 1415 1448 1454 maio-

144 1475 191 1514 ris
221 1474 356 1515 maffiie
390 1475 435 1514 ad
467 1473 698 1528 superficiem
740 1476 896 1515 minoris
948 1475 1080 1515 massae
1130 1475 1285 1516 habente
1334 1477 1448 1516 ratio-

146 1549 232 1577 nem
265 1539 450 1578 minorem
470 1568 481 1587 ‚
514 1551 627 1591 quam
661 1538 840 1578 volumen
875 1539 995 1578 maius
1026 1539 1069 1578 ad
1104 1538 1279 1578 volumen
1309 1540 1446 1580 minus.

147 1599 244 1642 Non
276 1608 400 1640 tamen
432 1599 583 1640 asserere
616 1602 736 1641 audeo
754 1633 765 1652 ‚
792 1602 837 1641 ad
857 1602 1015 1641 maiores
1034 1599 1160 1641 massas
1177 1613 1307 1653 aqueas
1337 1613 1368 1641 e.
1404 1612 1445 1654 g.

147 1663 265 1703 maria
285 1693 297 1714 ‚
328 1662 426 1703 lacus
445 1693 456 1714 ‚
488 1663 691 1717 fluuiosque
723 1664 761 1704 id
793 1664 966 1717 adplicari
1006 1662 1118 1716 poste.
1200 1663 1308 1704 Alius
1339 1663 1446 1704 enim

147 1725 245 1765 calor
286 1726 485 1779 adplicatur
531 1726 653 1767 maffis
683 1727 722 1768 in
754 1728 896 1768 minori
929 1740 950 1767 a
982 1725 1173 1781 superficie
1222 1720 1356 1768 telluris
1388 1727 1447 1768 di-

150 1787 277 1828 stantia
297 1819 308 1839 ,
340 1788 427 1827 alius
461 1788 498 1827 in
531 1790 697 1840 maiori,
731 1791 817 1830 alius
848 1791 885 1830 in
917 1790 992 1830 hoc
1026 1790 1137 1831 alueo
1156 1822 1166 1842 ,
1200 1791 1287 1830 alius
1304 1791 1341 1829 in
1373 1789 1448 1830 alio

147 1850 412 1901 heterogeneo.
475 1851 606 1903 Aquae
637 1850 731 1902 ipfiie
764 1852 842 1892 sunt
871 1852 1090 1892 diuersarum
1123 1854 1346 1906 grauitatum
1366 1852 1447 1905 spe-

148 1912 337 1953 cificatum
369 1921 408 1951 et
439 1913 583 1953 diuersis
616 1914 799 1965 particulis
829 1914 1024 1966 grauidae,
1074 1914 1164 1955 hinc
1213 1914 1332 1966 magis
1381 1914 1446 1955 vel

150 1974 274 2016 minus
303 1975 553 2028 euaporationi
584 1984 690 2028 aptae
722 1985 766 2016 vt
798 1977 837 2016 in
872 1986 972 2017 tanta
1005 1978 1176 2017 uarietate
1215 1977 1309 2017 nihil
1356 1979 1445 2020 certi

148 2039 241 2091 poni
271 2037 411 2091 possit3
444 2038 762 2091 quemadmodum
797 2039 993 2089 nonnulli,
1025 2051 1059 2078 e.
1090 2051 1126 2092 g.
1160 2039 1275 2080 Edm.
1311 2038 1447 2093 Halley

151 2100 314 2157 Anglus,
345 2100 503 2142 fecerunt
522 2133 533 2154 ‚
561 2100 646 2143 licet
678 2100 908 2143 celeberrimi
927 2101 1010 2144 alias
1032 2102 1257 2158 philosophi.
1325 2103 1445 2143 Vero-

1302 2165 1442 2208 similli-
