<?xml version="1.0" encoding="UTF-8"?>
<!DOCTYPE html PUBLIC "-//W3C//DTD XHTML 1.0 Transitional//EN"
    "http://www.w3.org/TR/xhtml1/DTD/xhtml1-transitional.dtd">
<html xmlns="http://www.w3.org/1999/xhtml" xml:lang="en" lang="en">
 <head>
  <title>
</title>
<meta http-equiv="Content-Type" content="text/html;charset=utf-8" />
  <meta name='ocr-system' content='tesseract 3.04.00' />
  <meta name='ocr-capabilities' content='ocr_page ocr_carea ocr_par ocr_line ocrx_word'/>
</head>
<body>
  <div class='ocr_page' id='page_1' title='image "./novicommentariac02impe_0320.png"; bbox 0 0 1971 2700; ppageno 0'>
   <div class='ocr_carea' id='block_1_1' title="bbox 508 232 1565 288">
    <p class='ocr_par' dir='ltr' id='par_1_1' title="bbox 508 232 1565 288">
     <span class='ocr_line' id='line_1_1' title="bbox 508 232 1565 288; baseline 0.003 -11"><span class='ocrx_word' id='word_1_1' title='bbox 508 239 602 288; x_wconf 78' lang='lat'>284</span> <span class='ocrx_word' id='word_1_2' title='bbox 797 233 1159 282; x_wconf 77' lang='lat' dir='ltr'><em>OBSERVATIO</em></span> <span class='ocrx_word' id='word_1_3' title='bbox 1194 236 1279 280; x_wconf 87' lang='lat' dir='ltr'>AN</span> <span class='ocrx_word' id='word_1_4' title='bbox 1283 232 1565 280; x_wconf 77' lang='lat' dir='ltr'><em>ATOMICA</em></span> 
     </span>
    </p>
   </div>
   <div class='ocr_carea' id='block_1_2' title="bbox 511 344 1850 649">
    <p class='ocr_par' dir='ltr' id='par_1_2' title="bbox 511 344 1850 649">
     <span class='ocr_line' id='line_1_2' title="bbox 512 344 1830 397; baseline 0.005 -14"><span class='ocrx_word' id='word_1_5' title='bbox 512 348 620 383; x_wconf 81' lang='lat' dir='ltr'>tertius</span> <span class='ocrx_word' id='word_1_6' title='bbox 635 348 723 383; x_wconf 74' lang='lat' dir='ltr'>ium</span> <span class='ocrx_word' id='word_1_7' title='bbox 741 347 935 383; x_wconf 71' lang='lat' dir='ltr'>instrtionem</span> <span class='ocrx_word' id='word_1_8' title='bbox 950 348 1127 397; x_wconf 70' lang='lat' dir='ltr'>cartilaginis</span> <span class='ocrx_word' id='word_1_9' title='bbox 1135 351 1226 384; x_wconf 79' lang='lat' dir='ltr'>costae</span> <span class='ocrx_word' id='word_1_10' title='bbox 1235 347 1386 396; x_wconf 82' lang='lat' dir='ltr'>septimae.</span> <span class='ocrx_word' id='word_1_11' title='bbox 1397 346 1439 382; x_wconf 90' lang='lat' dir='ltr'>D.</span> <span class='ocrx_word' id='word_1_12' title='bbox 1450 345 1489 381; x_wconf 79' lang='lat' dir='ltr'>E.</span> <span class='ocrx_word' id='word_1_13' title='bbox 1499 344 1537 382; x_wconf 79' lang='lat' dir='ltr'>F.</span> <span class='ocrx_word' id='word_1_14' title='bbox 1546 344 1710 385; x_wconf 79' lang='lat' dir='ltr'>Fasciculus</span> <span class='ocrx_word' id='word_1_15' title='bbox 1722 352 1830 391; x_wconf 66' lang='lat' dir='ltr'>dssstin-</span> 
     </span>
     <span class='ocr_line' id='line_1_3' title="bbox 511 397 1833 448; baseline 0.001 -17"><span class='ocrx_word' id='word_1_16' title='bbox 511 399 576 433; x_wconf 68' lang='lat' dir='ltr'>Qus</span> <span class='ocrx_word' id='word_1_17' title='bbox 598 410 613 432; x_wconf 78' lang='lat' dir='ltr'>a</span> <span class='ocrx_word' id='word_1_18' title='bbox 629 400 763 446; x_wconf 78' lang='lat' dir='ltr'>margine</span> <span class='ocrx_word' id='word_1_19' title='bbox 778 398 959 446; x_wconf 56' lang='lat' dir='ltr'>cartilagink</span> <span class='ocrx_word' id='word_1_20' title='bbox 973 402 1065 433; x_wconf 78' lang='lat' dir='ltr'>costae</span> <span class='ocrx_word' id='word_1_21' title='bbox 1078 400 1222 448; x_wconf 76' lang='lat' dir='ltr'>septimae</span> <span class='ocrx_word' id='word_1_22' title='bbox 1236 398 1310 434; x_wconf 78' lang='lat' dir='ltr'>infm</span> <span class='ocrx_word' id='word_1_23' title='bbox 1324 397 1564 433; x_wconf 64' lang='lat' dir='ltr'>articulationem</span> <span class='ocrx_word' id='word_1_24' title='bbox 1578 409 1647 432; x_wconf 79' lang='lat' dir='ltr'>mm</span> <span class='ocrx_word' id='word_1_25' title='bbox 1662 402 1756 438; x_wconf 84' lang='lat' dir='ltr'>stemo</span> <span class='ocrx_word' id='word_1_26' title='bbox 1776 415 1833 441; x_wconf 65' lang='grc' dir='ltr'>οι.</span> 
     </span>
     <span class='ocr_line' id='line_1_4' title="bbox 513 446 1839 498; baseline -0.002 -16"><span class='ocrx_word' id='word_1_27' title='bbox 513 458 582 489; x_wconf 75' lang='lat' dir='ltr'>tus,</span> <span class='ocrx_word' id='word_1_28' title='bbox 607 450 661 496; x_wconf 87' lang='lat' dir='ltr'>qui</span> <span class='ocrx_word' id='word_1_29' title='bbox 679 450 708 481; x_wconf 89' lang='lat' dir='ltr'>in</span> <span class='ocrx_word' id='word_1_30' title='bbox 729 448 836 482; x_wconf 84' lang='lat' dir='ltr'>medio</span> <span class='ocrx_word' id='word_1_31' title='bbox 856 446 1084 491; x_wconf 57' lang='lat' dir='ltr'>mammons,</span> <span class='ocrx_word' id='word_1_32' title='bbox 1099 446 1223 498; x_wconf 83' lang='lat' dir='ltr'>supraF</span> <span class='ocrx_word' id='word_1_33' title='bbox 1239 452 1350 483; x_wconf 76' lang='lat' dir='ltr'>iterum</span> <span class='ocrx_word' id='word_1_34' title='bbox 1366 448 1562 487; x_wconf 69' lang='lat' dir='ltr'>expanditur.</span> <span class='ocrx_word' id='word_1_35' title='bbox 1598 446 1639 483; x_wconf 86' lang='lat' dir='ltr'>D.</span> <span class='ocrx_word' id='word_1_36' title='bbox 1660 448 1707 488; x_wconf 81' lang='lat' dir='ltr'>G,</span> <span class='ocrx_word' id='word_1_37' title='bbox 1723 448 1839 489; x_wconf 66' lang='lat' dir='ltr'>fascic..</span> 
     </span>
     <span class='ocr_line' id='line_1_5' title="bbox 513 496 1834 548; baseline 0.003 -16"><span class='ocrx_word' id='word_1_38' title='bbox 513 496 556 532; x_wconf 73' lang='lat' dir='ltr'>lus</span> <span class='ocrx_word' id='word_1_39' title='bbox 571 497 730 534; x_wconf 68' lang='lat' dir='ltr'>tendineus</span> <span class='ocrx_word' id='word_1_40' title='bbox 752 509 790 532; x_wconf 86' lang='lat' dir='ltr'>ex</span> <span class='ocrx_word' id='word_1_41' title='bbox 805 499 984 545; x_wconf 83' lang='lat' dir='ltr'>aponeurofi</span> <span class='ocrx_word' id='word_1_42' title='bbox 1008 498 1129 548; x_wconf 82' lang='lat' dir='ltr'>obliqui</span> <span class='ocrx_word' id='word_1_43' title='bbox 1150 501 1268 534; x_wconf 84' lang='lat' dir='ltr'>externi</span> <span class='ocrx_word' id='word_1_44' title='bbox 1294 498 1468 533; x_wconf 70' lang='lat' dir='ltr'>abdominis</span> <span class='ocrx_word' id='word_1_45' title='bbox 1484 508 1581 538; x_wconf 77' lang='lat' dir='ltr'>ortus,</span> <span class='ocrx_word' id='word_1_46' title='bbox 1598 499 1691 534; x_wconf 82' lang='lat' dir='ltr'>latere</span> <span class='ocrx_word' id='word_1_47' title='bbox 1699 496 1834 538; x_wconf 70' lang='lat' dir='ltr'>emen-ub*</span> 
     </span>
     <span class='ocr_line' id='line_1_6' title="bbox 514 544 1850 586; baseline 0.004 -5"><span class='ocrx_word' id='word_1_48' title='bbox 514 544 550 581; x_wconf 92' lang='lat' dir='ltr'>G</span> <span class='ocrx_word' id='word_1_49' title='bbox 565 545 602 582; x_wconf 86' lang='lat' dir='ltr'>H</span> <span class='ocrx_word' id='word_1_50' title='bbox 618 546 660 580; x_wconf 86' lang='lat' dir='ltr'>illi</span> <span class='ocrx_word' id='word_1_51' title='bbox 677 546 836 581; x_wconf 69' lang='lat' dir='ltr'>adiunctus</span> <span class='ocrx_word' id='word_1_52' title='bbox 866 546 949 583; x_wconf 82' lang='lat' dir='ltr'>fibris</span> <span class='ocrx_word' id='word_1_53' title='bbox 962 548 1075 584; x_wconf 73' lang='lat' dir='ltr'>lunatis</span> <span class='ocrx_word' id='word_1_54' title='bbox 1093 548 1132 585; x_wconf 89' lang='lat' dir='ltr'>ad</span> <span class='ocrx_word' id='word_1_55' title='bbox 1150 549 1290 584; x_wconf 82' lang='lat' dir='ltr'>medium</span> <span class='ocrx_word' id='word_1_56' title='bbox 1307 551 1336 584; x_wconf 84' lang='lat' dir='ltr'>in</span> <span class='ocrx_word' id='word_1_57' title='bbox 1354 548 1446 583; x_wconf 77' lang='lat' dir='ltr'>latere</span> <span class='ocrx_word' id='word_1_58' title='bbox 1460 551 1582 582; x_wconf 80' lang='lat' dir='ltr'>interno</span> <span class='ocrx_word' id='word_1_59' title='bbox 1599 546 1614 584; x_wconf 89' lang='lat' dir='ltr'>l</span> <span class='ocrx_word' id='word_1_60' title='bbox 1635 551 1804 586; x_wconf 70' lang='lat' dir='ltr'>contractis.</span> <span class='ocrx_word' id='word_1_61' title='bbox 1829 562 1850 579; x_wconf 68' lang='lat' dir='ltr'><em>r</em></span> 
     </span>
     <span class='ocr_line' id='line_1_7' title="bbox 609 594 1842 649; baseline 0.005 -19"><span class='ocrx_word' id='word_1_62' title='bbox 609 594 643 630; x_wconf 85' lang='lat' dir='ltr'>K</span> <span class='ocrx_word' id='word_1_63' title='bbox 660 595 804 631; x_wconf 80' lang='lat' dir='ltr'>Distantia</span> <span class='ocrx_word' id='word_1_64' title='bbox 819 598 912 632; x_wconf 75' lang='lat' dir='ltr'>oualis</span> <span class='ocrx_word' id='word_1_65' title='bbox 927 610 943 632; x_wconf 87' lang='lat' dir='ltr'>a</span> <span class='ocrx_word' id='word_1_66' title='bbox 956 601 1159 635; x_wconf 70' lang='lat' dir='ltr'>contrastione</span> <span class='ocrx_word' id='word_1_67' title='bbox 1174 598 1332 649; x_wconf 84' lang='lat' dir='ltr'>vtriusque</span> <span class='ocrx_word' id='word_1_68' title='bbox 1354 598 1475 634; x_wconf 71' lang='lat' dir='ltr'>filciculi</span> <span class='ocrx_word' id='word_1_69' title='bbox 1501 600 1529 632; x_wconf 89' lang='lat' dir='ltr'>in</span> <span class='ocrx_word' id='word_1_70' title='bbox 1548 598 1653 648; x_wconf 84' lang='lat' dir='ltr'>medio</span> <span class='ocrx_word' id='word_1_71' title='bbox 1665 597 1697 634; x_wconf 83' lang='lat' dir='ltr'>E</span> <span class='ocrx_word' id='word_1_72' title='bbox 1725 595 1762 634; x_wconf 72' lang='lat' dir='ltr'>l.&#39;</span> <span class='ocrx_word' id='word_1_73' title='bbox 1772 608 1842 636; x_wconf 61' lang='lat' dir='ltr'>ortu</span> 
     </span>
    </p>
   </div>
   <div class='ocr_carea' id='block_1_3' title="bbox 514 644 1844 739">
    <p class='ocr_par' dir='ltr' id='par_1_3' title="bbox 514 644 1844 739">
     <span class='ocr_line' id='line_1_8' title="bbox 612 644 1844 699; baseline 0.004 -19"><span class='ocrx_word' id='word_1_74' title='bbox 612 644 652 680; x_wconf 89' lang='lat' dir='ltr'>L.</span> <span class='ocrx_word' id='word_1_75' title='bbox 669 645 709 684; x_wconf 82' lang='lat' dir='ltr'>F.</span> <span class='ocrx_word' id='word_1_76' title='bbox 726 646 764 682; x_wconf 90' lang='lat' dir='ltr'>M</span> <span class='ocrx_word' id='word_1_77' title='bbox 794 644 840 681; x_wconf 77' lang='lat' dir='ltr'>H.</span> <span class='ocrx_word' id='word_1_78' title='bbox 877 645 932 683; x_wconf 85' lang='lat' dir='ltr'>Ex</span> <span class='ocrx_word' id='word_1_79' title='bbox 949 648 1147 685; x_wconf 59' lang='lat' dir='ltr'>fasciculorum</span> <span class='ocrx_word' id='word_1_80' title='bbox 1162 652 1308 686; x_wconf 79' lang='lat' dir='ltr'>confluxu</span> <span class='ocrx_word' id='word_1_81' title='bbox 1325 649 1455 684; x_wconf 78' lang='lat' dir='ltr'>tendinis</span> <span class='ocrx_word' id='word_1_82' title='bbox 1469 651 1645 685; x_wconf 83' lang='lat' dir='ltr'>communis</span> <span class='ocrx_word' id='word_1_83' title='bbox 1660 645 1844 699; x_wconf 54' lang='lat' dir='ltr'>parssuperss</span> 
     </span>
     <span class='ocr_line' id='line_1_9' title="bbox 514 698 1075 739; baseline 0.004 -9"><span class='ocrx_word' id='word_1_84' title='bbox 514 698 577 731; x_wconf 90' lang='lat' dir='ltr'>rior</span> <span class='ocrx_word' id='word_1_85' title='bbox 589 720 600 739; x_wconf 91' lang='lat'>,</span> <span class='ocrx_word' id='word_1_86' title='bbox 631 699 660 730; x_wconf 84' lang='lat' dir='ltr'>in</span> <span class='ocrx_word' id='word_1_87' title='bbox 689 709 805 732; x_wconf 81' lang='lat' dir='ltr'>camem</span> <span class='ocrx_word' id='word_1_88' title='bbox 834 701 997 734; x_wconf 78' lang='lat' dir='ltr'>continua.</span> <span class='ocrx_word' id='word_1_89' title='bbox 1071 700 1075 705; x_wconf 85' lang='lat'>&#39;</span> 
     </span>
    </p>
   </div>
   <div class='ocr_carea' id='block_1_4' title="bbox 512 740 1859 1646">
    <p class='ocr_par' dir='ltr' id='par_1_4' title="bbox 512 740 1849 1134">
     <span class='ocr_line' id='line_1_10' title="bbox 607 740 1844 797; baseline 0.003 -16"><span class='ocrx_word' id='word_1_90' title='bbox 607 744 649 781; x_wconf 86' lang='lat' dir='ltr'>N.</span> <span class='ocrx_word' id='word_1_91' title='bbox 668 745 712 782; x_wconf 92' lang='grc' dir='ltr'>Ο.</span> <span class='ocrx_word' id='word_1_92' title='bbox 733 747 766 783; x_wconf 84' lang='grc' dir='ltr'>Ρ.</span> <span class='ocrx_word' id='word_1_93' title='bbox 781 741 914 792; x_wconf 58' lang='grc' dir='ltr'>(ὶῖὶβ</span> <span class='ocrx_word' id='word_1_94' title='bbox 928 746 962 783; x_wconf 87' lang='lat' dir='ltr'>T</span> <span class='ocrx_word' id='word_1_95' title='bbox 976 740 1015 795; x_wconf 88' lang='lat' dir='ltr'>U</span> <span class='ocrx_word' id='word_1_96' title='bbox 1031 747 1065 784; x_wconf 92' lang='lat' dir='ltr'>V</span> <span class='ocrx_word' id='word_1_97' title='bbox 1082 742 1132 784; x_wconf 87' lang='lat' dir='ltr'>W</span> <span class='ocrx_word' id='word_1_98' title='bbox 1148 748 1179 786; x_wconf 85' lang='lat' dir='ltr'>X</span> <span class='ocrx_word' id='word_1_99' title='bbox 1195 748 1229 785; x_wconf 88' lang='lat' dir='ltr'><strong>Y</strong></span> <span class='ocrx_word' id='word_1_100' title='bbox 1243 749 1288 787; x_wconf 91' lang='lat' dir='ltr'>Z.</span> <span class='ocrx_word' id='word_1_101' title='bbox 1345 747 1498 784; x_wconf 61' lang='lat' dir='ltr'>Musculuz</span> <span class='ocrx_word' id='word_1_102' title='bbox 1530 747 1675 796; x_wconf 83' lang='lat' dir='ltr'>pecularis</span> <span class='ocrx_word' id='word_1_103' title='bbox 1706 750 1844 797; x_wconf 79' lang='lat' dir='ltr'>superior</span> 
     </span>
     <span class='ocr_line' id='line_1_11' title="bbox 519 795 1846 841; baseline 0.003 -9"><span class='ocrx_word' id='word_1_104' title='bbox 519 795 570 832; x_wconf 86' lang='lat' dir='ltr'>seu</span> <span class='ocrx_word' id='word_1_105' title='bbox 588 799 693 832; x_wconf 83' lang='lat' dir='ltr'>minor.</span> <span class='ocrx_word' id='word_1_106' title='bbox 733 795 763 833; x_wconf 86' lang='lat' dir='ltr'>N</span> <span class='ocrx_word' id='word_1_107' title='bbox 780 797 817 835; x_wconf 90' lang='grc' dir='ltr'>Ο</span> <span class='ocrx_word' id='word_1_108' title='bbox 837 795 858 831; x_wconf 82' lang='grc' dir='ltr'>Ρ</span> <span class='ocrx_word' id='word_1_109' title='bbox 883 799 1036 836; x_wconf 74' lang='lat' dir='ltr'>distinftio</span> <span class='ocrx_word' id='word_1_110' title='bbox 1054 802 1081 834; x_wconf 88' lang='lat' dir='ltr'>in</span> <span class='ocrx_word' id='word_1_111' title='bbox 1107 799 1254 836; x_wconf 70' lang='lat' dir='ltr'>fisticulm</span> <span class='ocrx_word' id='word_1_112' title='bbox 1283 811 1342 835; x_wconf 78' lang='lat' dir='ltr'>tre5</span> <span class='ocrx_word' id='word_1_113' title='bbox 1357 802 1485 834; x_wconf 83' lang='lat' dir='ltr'>maiores</span> <span class='ocrx_word' id='word_1_114' title='bbox 1500 810 1620 834; x_wconf 71' lang='lat' dir='ltr'>cameos</span> <span class='ocrx_word' id='word_1_115' title='bbox 1632 795 1713 841; x_wconf 80' lang='lat' dir='ltr'>QR.</span> <span class='ocrx_word' id='word_1_116' title='bbox 1730 800 1752 834; x_wconf 86' lang='lat' dir='ltr'>S</span> <span class='ocrx_word' id='word_1_117' title='bbox 1774 812 1846 836; x_wconf 78' lang='lat' dir='ltr'>ten-</span> 
     </span>
     <span class='ocr_line' id='line_1_12' title="bbox 514 845 1846 898; baseline 0.002 -16"><span class='ocrx_word' id='word_1_118' title='bbox 514 845 634 884; x_wconf 78' lang='lat' dir='ltr'>dineos.</span> <span class='ocrx_word' id='word_1_119' title='bbox 687 846 734 887; x_wconf 80' lang='lat' dir='ltr'>T,</span> <span class='ocrx_word' id='word_1_120' title='bbox 761 846 881 883; x_wconf 87' lang='lat' dir='ltr'>Tendo</span> <span class='ocrx_word' id='word_1_121' title='bbox 905 853 1008 885; x_wconf 82' lang='lat' dir='ltr'>vnicus</span> <span class='ocrx_word' id='word_1_122' title='bbox 1040 850 1128 898; x_wconf 84' lang='lat' dir='ltr'>plano</span> <span class='ocrx_word' id='word_1_123' title='bbox 1145 871 1164 878; x_wconf 94' lang='lat'>-</span> <span class='ocrx_word' id='word_1_124' title='bbox 1180 851 1336 886; x_wconf 79' lang='lat' dir='ltr'>rotundus</span> <span class='ocrx_word' id='word_1_125' title='bbox 1374 846 1418 884; x_wconf 89' lang='lat' dir='ltr'>U.</span> <span class='ocrx_word' id='word_1_126' title='bbox 1436 847 1480 882; x_wconf 93' lang='lat' dir='ltr'>V.</span> <span class='ocrx_word' id='word_1_127' title='bbox 1503 846 1561 883; x_wconf 90' lang='lat' dir='ltr'>W.</span> <span class='ocrx_word' id='word_1_128' title='bbox 1599 849 1738 885; x_wconf 52' lang='lat' dir='ltr'>eiusdem</span> <span class='ocrx_word' id='word_1_129' title='bbox 1785 862 1846 885; x_wconf 77' lang='lat' dir='ltr'>tnts</span> 
     </span>
     <span class='ocr_line' id='line_1_13' title="bbox 514 896 1844 943; baseline 0.002 -10"><span class='ocrx_word' id='word_1_130' title='bbox 514 896 633 933; x_wconf 65' lang='lat' dir='ltr'>nudae.</span> <span class='ocrx_word' id='word_1_131' title='bbox 664 897 700 934; x_wconf 93' lang='lat' dir='ltr'>U</span> <span class='ocrx_word' id='word_1_132' title='bbox 733 901 860 933; x_wconf 85' lang='lat' dir='ltr'>minima</span> <span class='ocrx_word' id='word_1_133' title='bbox 899 897 931 932; x_wconf 95' lang='lat' dir='ltr'>V</span> <span class='ocrx_word' id='word_1_134' title='bbox 974 903 1071 934; x_wconf 84' lang='lat' dir='ltr'>maior</span> <span class='ocrx_word' id='word_1_135' title='bbox 1113 912 1148 934; x_wconf 88' lang='lat' dir='ltr'>et</span> <span class='ocrx_word' id='word_1_136' title='bbox 1188 901 1275 935; x_wconf 82' lang='lat' dir='ltr'>latior</span> <span class='ocrx_word' id='word_1_137' title='bbox 1291 924 1302 943; x_wconf 90' lang='lat'>‚</span> <span class='ocrx_word' id='word_1_138' title='bbox 1342 901 1445 933; x_wconf 85' lang='lat' dir='ltr'>sterno</span> <span class='ocrx_word' id='word_1_139' title='bbox 1473 899 1607 933; x_wconf 80' lang='lat' dir='ltr'>insertae.</span> <span class='ocrx_word' id='word_1_140' title='bbox 1667 898 1844 938; x_wconf 80' lang='lat' dir='ltr'>WXYZ</span> 
     </span>
     <span class='ocr_line' id='line_1_14' title="bbox 512 944 1845 999; baseline 0.001 -15"><span class='ocrx_word' id='word_1_141' title='bbox 512 950 660 984; x_wconf 63' lang='lat' dir='ltr'>murima.</span> <span class='ocrx_word' id='word_1_142' title='bbox 692 944 740 981; x_wconf 86' lang='lat' dir='ltr'>W</span> <span class='ocrx_word' id='word_1_143' title='bbox 770 947 924 998; x_wconf 69' lang='lat' dir='ltr'>adscensu5</span> <span class='ocrx_word' id='word_1_144' title='bbox 952 952 1017 984; x_wconf 84' lang='lat' dir='ltr'>eius</span> <span class='ocrx_word' id='word_1_145' title='bbox 1041 949 1081 984; x_wconf 82' lang='lat' dir='ltr'>ad</span> <span class='ocrx_word' id='word_1_146' title='bbox 1110 949 1181 984; x_wconf 73' lang='lat' dir='ltr'>latus</span> <span class='ocrx_word' id='word_1_147' title='bbox 1205 948 1332 984; x_wconf 77' lang='lat' dir='ltr'>mustuli</span> <span class='ocrx_word' id='word_1_148' title='bbox 1361 949 1517 997; x_wconf 72' lang='lat' dir='ltr'>pessoralis</span> <span class='ocrx_word' id='word_1_149' title='bbox 1539 949 1596 983; x_wconf 69' lang='lat' dir='ltr'>iub</span> <span class='ocrx_word' id='word_1_150' title='bbox 1631 951 1755 986; x_wconf 82' lang='lat' dir='ltr'>tendinc</span> <span class='ocrx_word' id='word_1_151' title='bbox 1796 950 1845 999; x_wconf 81' lang='lat' dir='ltr'>fg</span> 
     </span>
     <span class='ocr_line' id='line_1_15' title="bbox 514 997 1847 1047; baseline 0.002 -13"><span class='ocrx_word' id='word_1_152' title='bbox 514 997 641 1034; x_wconf 80' lang='lat' dir='ltr'>musculi</span> <span class='ocrx_word' id='word_1_153' title='bbox 655 998 811 1034; x_wconf 66' lang='lat' dir='ltr'>infizrioris</span> <span class='ocrx_word' id='word_1_154' title='bbox 826 1000 878 1033; x_wconf 79' lang='lat' dir='ltr'>lcu</span> <span class='ocrx_word' id='word_1_155' title='bbox 896 1001 1026 1034; x_wconf 74' lang='lat' dir='ltr'>maioris.</span> <span class='ocrx_word' id='word_1_156' title='bbox 1056 997 1089 1034; x_wconf 88' lang='lat' dir='ltr'>X</span> <span class='ocrx_word' id='word_1_157' title='bbox 1115 1002 1179 1034; x_wconf 84' lang='lat' dir='ltr'>eius</span> <span class='ocrx_word' id='word_1_158' title='bbox 1204 1012 1242 1036; x_wconf 80' lang='lat' dir='ltr'>ex</span> <span class='ocrx_word' id='word_1_159' title='bbox 1256 999 1370 1035; x_wconf 79' lang='lat' dir='ltr'>eodem</span> <span class='ocrx_word' id='word_1_160' title='bbox 1397 1000 1538 1033; x_wconf 84' lang='lat' dir='ltr'>emerfio.</span> <span class='ocrx_word' id='word_1_161' title='bbox 1564 997 1600 1034; x_wconf 88' lang='lat' dir='ltr'>Y</span> <span class='ocrx_word' id='word_1_162' title='bbox 1625 1002 1782 1047; x_wconf 73' lang='lat' dir='ltr'>applicatio</span> <span class='ocrx_word' id='word_1_163' title='bbox 1814 1012 1847 1036; x_wconf 86' lang='lat' dir='ltr'>et</span> 
     </span>
     <span class='ocr_line' id='line_1_16' title="bbox 513 1047 1849 1097; baseline 0.003 -15"><span class='ocrx_word' id='word_1_164' title='bbox 513 1048 716 1097; x_wconf 79' lang='lat' dir='ltr'>agglutinatio</span> <span class='ocrx_word' id='word_1_165' title='bbox 740 1049 779 1084; x_wconf 91' lang='lat' dir='ltr'>ad</span> <span class='ocrx_word' id='word_1_166' title='bbox 810 1051 969 1085; x_wconf 86' lang='lat' dir='ltr'>tendinem</span> <span class='ocrx_word' id='word_1_167' title='bbox 997 1049 1121 1085; x_wconf 84' lang='lat' dir='ltr'>musculi</span> <span class='ocrx_word' id='word_1_168' title='bbox 1145 1052 1274 1087; x_wconf 83' lang='lat' dir='ltr'>stemo-</span> <span class='ocrx_word' id='word_1_169' title='bbox 1290 1048 1447 1084; x_wconf 81' lang='lat' dir='ltr'>masto‘idei</span> <span class='ocrx_word' id='word_1_170' title='bbox 1475 1060 1510 1089; x_wconf 80' lang='lat'>4.</span> <span class='ocrx_word' id='word_1_171' title='bbox 1534 1047 1568 1086; x_wconf 95' lang='lat' dir='ltr'>Z</span> <span class='ocrx_word' id='word_1_172' title='bbox 1602 1052 1776 1086; x_wconf 64' lang='lat' dir='ltr'>coniunctio</span> <span class='ocrx_word' id='word_1_173' title='bbox 1815 1062 1849 1086; x_wconf 87' lang='lat' dir='ltr'>et</span> 
     </span>
     <span class='ocr_line' id='line_1_17' title="bbox 515 1100 846 1134; baseline -0.003 -1"><span class='ocrx_word' id='word_1_174' title='bbox 515 1100 550 1134; x_wconf 82' lang='lat' dir='ltr'>in</span> <span class='ocrx_word' id='word_1_175' title='bbox 575 1111 678 1134; x_wconf 88' lang='lat' dir='ltr'>vnum</span> <span class='ocrx_word' id='word_1_176' title='bbox 704 1100 846 1134; x_wconf 59' lang='lat' dir='ltr'>coalitus.</span> 
     </span>
    </p>

    <p class='ocr_par' dir='ltr' id='par_1_5' title="bbox 512 1148 1859 1646">
     <span class='ocr_line' id='line_1_18' title="bbox 618 1148 1850 1197; baseline 0.002 -14"><span class='ocrx_word' id='word_1_177' title='bbox 618 1161 646 1184; x_wconf 81' lang='lat' dir='ltr'>a.</span> <span class='ocrx_word' id='word_1_178' title='bbox 662 1150 693 1183; x_wconf 95' lang='lat' dir='ltr'>b.</span> <span class='ocrx_word' id='word_1_179' title='bbox 708 1160 734 1183; x_wconf 86' lang='lat' dir='ltr'>c.</span> <span class='ocrx_word' id='word_1_180' title='bbox 751 1148 783 1184; x_wconf 90' lang='lat' dir='ltr'>d.</span> <span class='ocrx_word' id='word_1_181' title='bbox 803 1160 833 1183; x_wconf 91' lang='lat' dir='ltr'>e.</span> <span class='ocrx_word' id='word_1_182' title='bbox 850 1148 870 1183; x_wconf 71' lang='lat' dir='ltr'>fi</span> <span class='ocrx_word' id='word_1_183' title='bbox 885 1162 914 1197; x_wconf 82' lang='lat' dir='ltr'>g.</span> <span class='ocrx_word' id='word_1_184' title='bbox 933 1151 966 1185; x_wconf 88' lang='lat' dir='ltr'>h.</span> <span class='ocrx_word' id='word_1_185' title='bbox 983 1153 1003 1184; x_wconf 89' lang='lat' dir='ltr'>i.</span> <span class='ocrx_word' id='word_1_186' title='bbox 1021 1152 1040 1186; x_wconf 90' lang='lat' dir='ltr'>i.</span> <span class='ocrx_word' id='word_1_187' title='bbox 1060 1150 1081 1185; x_wconf 91' lang='lat'>1.</span> <span class='ocrx_word' id='word_1_188' title='bbox 1099 1163 1146 1187; x_wconf 86' lang='lat' dir='ltr'>m.</span> <span class='ocrx_word' id='word_1_189' title='bbox 1162 1164 1194 1187; x_wconf 88' lang='lat' dir='ltr'>n.</span> <span class='ocrx_word' id='word_1_190' title='bbox 1211 1163 1243 1189; x_wconf 88' lang='lat' dir='ltr'>o.</span> <span class='ocrx_word' id='word_1_191' title='bbox 1272 1149 1430 1186; x_wconf 74' lang='lat' dir='ltr'>Masculus</span> <span class='ocrx_word' id='word_1_192' title='bbox 1457 1149 1616 1197; x_wconf 74' lang='lat' dir='ltr'>peculiaris</span> <span class='ocrx_word' id='word_1_193' title='bbox 1639 1150 1769 1187; x_wconf 70' lang='lat' dir='ltr'>instrior</span> <span class='ocrx_word' id='word_1_194' title='bbox 1795 1150 1850 1186; x_wconf 77' lang='lat' dir='ltr'>stu</span> 
     </span>
     <span class='ocr_line' id='line_1_19' title="bbox 512 1198 1851 1250; baseline 0.004 -18"><span class='ocrx_word' id='word_1_195' title='bbox 512 1200 632 1238; x_wconf 75' lang='lat' dir='ltr'>maior.</span> <span class='ocrx_word' id='word_1_196' title='bbox 660 1211 684 1233; x_wconf 78' lang='lat' dir='ltr'>a.</span> <span class='ocrx_word' id='word_1_197' title='bbox 703 1198 733 1233; x_wconf 91' lang='lat' dir='ltr'>b.</span> <span class='ocrx_word' id='word_1_198' title='bbox 762 1211 829 1234; x_wconf 77' lang='lat' dir='ltr'>caro</span> <span class='ocrx_word' id='word_1_199' title='bbox 851 1223 862 1241; x_wconf 92' lang='lat'>,</span> <span class='ocrx_word' id='word_1_200' title='bbox 888 1211 949 1248; x_wconf 83' lang='lat' dir='ltr'>qua</span> <span class='ocrx_word' id='word_1_201' title='bbox 972 1199 1102 1248; x_wconf 88' lang='lat' dir='ltr'>oblique</span> <span class='ocrx_word' id='word_1_202' title='bbox 1127 1201 1229 1236; x_wconf 82' lang='lat' dir='ltr'>nudus</span> <span class='ocrx_word' id='word_1_203' title='bbox 1274 1200 1329 1235; x_wconf 85' lang='lat' dir='ltr'>sub</span> <span class='ocrx_word' id='word_1_204' title='bbox 1365 1202 1479 1234; x_wconf 87' lang='lat' dir='ltr'>minori</span> <span class='ocrx_word' id='word_1_205' title='bbox 1521 1205 1664 1250; x_wconf 85' lang='lat' dir='ltr'>emergit.</span> <span class='ocrx_word' id='word_1_206' title='bbox 1689 1199 1741 1236; x_wconf 87' lang='lat' dir='ltr'>bc</span> <span class='ocrx_word' id='word_1_207' title='bbox 1783 1213 1851 1250; x_wconf 73' lang='lat' dir='ltr'>pars</span> 
     </span>
     <span class='ocr_line' id='line_1_20' title="bbox 516 1249 1848 1298; baseline 0.002 -14"><span class='ocrx_word' id='word_1_208' title='bbox 516 1249 658 1297; x_wconf 83' lang='lat' dir='ltr'>superior</span> <span class='ocrx_word' id='word_1_209' title='bbox 675 1273 686 1292; x_wconf 90' lang='lat'>,</span> <span class='ocrx_word' id='word_1_210' title='bbox 718 1249 770 1284; x_wconf 83' lang='lat' dir='ltr'>vbi</span> <span class='ocrx_word' id='word_1_211' title='bbox 797 1249 932 1283; x_wconf 82' lang='lat' dir='ltr'>contrahi</span> <span class='ocrx_word' id='word_1_212' title='bbox 960 1252 1066 1298; x_wconf 85' lang='lat' dir='ltr'>incipit</span> <span class='ocrx_word' id='word_1_213' title='bbox 1093 1250 1209 1286; x_wconf 84' lang='lat' dir='ltr'>abeuns</span> <span class='ocrx_word' id='word_1_214' title='bbox 1236 1251 1267 1284; x_wconf 92' lang='lat' dir='ltr'>in</span> <span class='ocrx_word' id='word_1_215' title='bbox 1293 1249 1450 1284; x_wconf 87' lang='lat' dir='ltr'>tendinem</span> <span class='ocrx_word' id='word_1_216' title='bbox 1477 1250 1499 1283; x_wconf 92' lang='lat' dir='ltr'>d</span> <span class='ocrx_word' id='word_1_217' title='bbox 1541 1261 1741 1286; x_wconf 78' lang='lat' dir='ltr'>communem</span> <span class='ocrx_word' id='word_1_218' title='bbox 1759 1274 1771 1293; x_wconf 91' lang='lat'>‚</span> <span class='ocrx_word' id='word_1_219' title='bbox 1800 1252 1848 1287; x_wconf 78' lang='lat' dir='ltr'>cui</span> 
     </span>
     <span class='ocr_line' id='line_1_21' title="bbox 520 1298 1859 1346; baseline 0.001 -13"><span class='ocrx_word' id='word_1_220' title='bbox 520 1311 538 1335; x_wconf 79' lang='lat' dir='ltr'>a</span> <span class='ocrx_word' id='word_1_221' title='bbox 565 1299 657 1334; x_wconf 80' lang='lat' dir='ltr'>latere</span> <span class='ocrx_word' id='word_1_222' title='bbox 698 1300 822 1334; x_wconf 78' lang='lat' dir='ltr'>interno</span> <span class='ocrx_word' id='word_1_223' title='bbox 848 1298 946 1334; x_wconf 74' lang='lat' dir='ltr'>tendo</span> <span class='ocrx_word' id='word_1_224' title='bbox 986 1301 1137 1336; x_wconf 66' lang='lat' dir='ltr'>distinfius</span> <span class='ocrx_word' id='word_1_225' title='bbox 1159 1314 1177 1335; x_wconf 87' lang='lat' dir='ltr'>c</span> <span class='ocrx_word' id='word_1_226' title='bbox 1219 1299 1365 1341; x_wconf 82' lang='lat' dir='ltr'>accedit,</span> <span class='ocrx_word' id='word_1_227' title='bbox 1405 1300 1460 1346; x_wconf 89' lang='lat' dir='ltr'>qui</span> <span class='ocrx_word' id='word_1_228' title='bbox 1500 1298 1613 1333; x_wconf 82' lang='lat' dir='ltr'>deinde</span> <span class='ocrx_word' id='word_1_229' title='bbox 1640 1303 1667 1332; x_wconf 91' lang='lat' dir='ltr'>in</span> <span class='ocrx_word' id='word_1_230' title='bbox 1698 1312 1795 1335; x_wconf 80' lang='lat' dir='ltr'>vnum</span> <span class='ocrx_word' id='word_1_231' title='bbox 1836 1299 1859 1336; x_wconf 88' lang='lat' dir='ltr'>f</span> 
     </span>
     <span class='ocr_line' id='line_1_22' title="bbox 518 1347 1850 1397; baseline 0 -13"><span class='ocrx_word' id='word_1_232' title='bbox 518 1350 648 1384; x_wconf 80' lang='lat' dir='ltr'>confluit</span> <span class='ocrx_word' id='word_1_233' title='bbox 659 1372 670 1391; x_wconf 86' lang='lat'>,</span> <span class='ocrx_word' id='word_1_234' title='bbox 686 1359 780 1397; x_wconf 83' lang='lat' dir='ltr'>atque</span> <span class='ocrx_word' id='word_1_235' title='bbox 798 1348 879 1395; x_wconf 83' lang='lat' dir='ltr'>supra</span> <span class='ocrx_word' id='word_1_236' title='bbox 895 1350 1031 1396; x_wconf 82' lang='lat' dir='ltr'>priorem</span> <span class='ocrx_word' id='word_1_237' title='bbox 1057 1350 1212 1386; x_wconf 87' lang='lat' dir='ltr'>tendinem</span> <span class='ocrx_word' id='word_1_238' title='bbox 1235 1348 1293 1383; x_wconf 85' lang='lat' dir='ltr'>W.</span> <span class='ocrx_word' id='word_1_239' title='bbox 1312 1347 1354 1383; x_wconf 88' lang='grc' dir='ltr'>Χ.</span> <span class='ocrx_word' id='word_1_240' title='bbox 1383 1348 1513 1383; x_wconf 72' lang='lat' dir='ltr'>flectitur</span> <span class='ocrx_word' id='word_1_241' title='bbox 1537 1352 1711 1383; x_wconf 78' lang='lat' dir='ltr'>extrorsum</span> <span class='ocrx_word' id='word_1_242' title='bbox 1730 1362 1770 1397; x_wconf 82' lang='lat' dir='ltr'>g,</span> <span class='ocrx_word' id='word_1_243' title='bbox 1789 1349 1850 1384; x_wconf 84' lang='lat' dir='ltr'>ibi-</span> 
     </span>
     <span class='ocr_line' id='line_1_23' title="bbox 520 1395 1852 1447; baseline -0.001 -13"><span class='ocrx_word' id='word_1_244' title='bbox 520 1399 659 1446; x_wconf 87' lang='lat' dir='ltr'>demque</span> <span class='ocrx_word' id='word_1_245' title='bbox 692 1401 835 1447; x_wconf 79' lang='lat' dir='ltr'>iungitur</span> <span class='ocrx_word' id='word_1_246' title='bbox 863 1410 934 1432; x_wconf 88' lang='lat' dir='ltr'>cum</span> <span class='ocrx_word' id='word_1_247' title='bbox 967 1399 1092 1434; x_wconf 85' lang='lat' dir='ltr'>tendine</span> <span class='ocrx_word' id='word_1_248' title='bbox 1120 1395 1434 1438; x_wconf 72' lang='lat' dir='ltr'>sterno-masto&#39;idei,</span> <span class='ocrx_word' id='word_1_249' title='bbox 1449 1397 1506 1431; x_wconf 84' lang='lat' dir='ltr'>diu</span> <span class='ocrx_word' id='word_1_250' title='bbox 1525 1399 1553 1430; x_wconf 93' lang='lat' dir='ltr'>in</span> <span class='ocrx_word' id='word_1_251' title='bbox 1572 1409 1680 1432; x_wconf 78' lang='lat' dir='ltr'>tenues</span> <span class='ocrx_word' id='word_1_252' title='bbox 1696 1399 1852 1434; x_wconf 73' lang='lat' dir='ltr'>fasciculos</span> 
     </span>
     <span class='ocr_line' id='line_1_24' title="bbox 520 1447 1847 1496; baseline -0.002 -12"><span class='ocrx_word' id='word_1_253' title='bbox 520 1449 675 1485; x_wconf 68' lang='lat' dir='ltr'>dimi-&amp;us</span> <span class='ocrx_word' id='word_1_254' title='bbox 691 1447 732 1491; x_wconf 87' lang='lat' dir='ltr'>h,</span> <span class='ocrx_word' id='word_1_255' title='bbox 761 1448 884 1483; x_wconf 81' lang='lat' dir='ltr'>tandem</span> <span class='ocrx_word' id='word_1_256' title='bbox 902 1448 987 1496; x_wconf 85' lang='lat' dir='ltr'>plane</span> <span class='ocrx_word' id='word_1_257' title='bbox 1004 1452 1154 1484; x_wconf 83' lang='lat' dir='ltr'>confluens</span> <span class='ocrx_word' id='word_1_258' title='bbox 1184 1452 1202 1483; x_wconf 93' lang='lat' dir='ltr'>i.</span> <span class='ocrx_word' id='word_1_259' title='bbox 1248 1448 1278 1484; x_wconf 80' lang='grc' dir='ltr'>Α</span> <span class='ocrx_word' id='word_1_260' title='bbox 1302 1448 1395 1482; x_wconf 82' lang='lat' dir='ltr'>latere</span> <span class='ocrx_word' id='word_1_261' title='bbox 1409 1457 1511 1481; x_wconf 86' lang='lat' dir='ltr'>autem</span> <span class='ocrx_word' id='word_1_262' title='bbox 1532 1448 1655 1483; x_wconf 81' lang='lat' dir='ltr'>intemo</span> <span class='ocrx_word' id='word_1_263' title='bbox 1671 1448 1678 1481; x_wconf 94' lang='lat' dir='ltr'>l</span> <span class='ocrx_word' id='word_1_264' title='bbox 1696 1449 1847 1490; x_wconf 73' lang='lat' dir='ltr'>reflexus,</span> 
     </span>
     <span class='ocr_line' id='line_1_25' title="bbox 519 1497 1853 1544; baseline -0.001 -11"><span class='ocrx_word' id='word_1_265' title='bbox 519 1511 594 1533; x_wconf 84' lang='lat' dir='ltr'>cum</span> <span class='ocrx_word' id='word_1_266' title='bbox 624 1499 750 1534; x_wconf 88' lang='lat' dir='ltr'>tendine</span> <span class='ocrx_word' id='word_1_267' title='bbox 779 1497 938 1535; x_wconf 71' lang='lat' dir='ltr'>mastondei</span> <span class='ocrx_word' id='word_1_268' title='bbox 966 1499 1030 1534; x_wconf 86' lang='lat' dir='ltr'>abit</span> <span class='ocrx_word' id='word_1_269' title='bbox 1057 1503 1087 1534; x_wconf 90' lang='lat' dir='ltr'>in</span> <span class='ocrx_word' id='word_1_270' title='bbox 1112 1499 1251 1535; x_wconf 87' lang='lat' dir='ltr'>lunulam</span> <span class='ocrx_word' id='word_1_271' title='bbox 1270 1510 1322 1540; x_wconf 85' lang='lat' dir='ltr'>m,</span> <span class='ocrx_word' id='word_1_272' title='bbox 1339 1498 1424 1532; x_wconf 79' lang='lat' dir='ltr'>cuius</span> <span class='ocrx_word' id='word_1_273' title='bbox 1447 1508 1540 1530; x_wconf 89' lang='lat' dir='ltr'>cornu</span> <span class='ocrx_word' id='word_1_274' title='bbox 1569 1498 1702 1544; x_wconf 78' lang='lat' dir='ltr'>superius</span> <span class='ocrx_word' id='word_1_275' title='bbox 1726 1509 1756 1532; x_wconf 89' lang='lat' dir='ltr'>n.</span> <span class='ocrx_word' id='word_1_276' title='bbox 1787 1499 1853 1531; x_wconf 88' lang='lat' dir='ltr'>mi-</span> 
     </span>
     <span class='ocr_line' id='line_1_26' title="bbox 519 1545 1852 1594; baseline 0.004 -12"><span class='ocrx_word' id='word_1_277' title='bbox 519 1559 579 1583; x_wconf 78' lang='lat' dir='ltr'>nus</span> <span class='ocrx_word' id='word_1_278' title='bbox 595 1572 606 1589; x_wconf 92' lang='lat'><em>‚</em></span> <span class='ocrx_word' id='word_1_279' title='bbox 632 1547 685 1583; x_wconf 88' lang='lat' dir='ltr'>sed</span> <span class='ocrx_word' id='word_1_280' title='bbox 714 1549 799 1584; x_wconf 79' lang='lat' dir='ltr'>latius</span> <span class='ocrx_word' id='word_1_281' title='bbox 815 1573 825 1592; x_wconf 87' lang='lat'>‚</span> <span class='ocrx_word' id='word_1_282' title='bbox 852 1552 966 1584; x_wconf 83' lang='lat' dir='ltr'>iterum</span> <span class='ocrx_word' id='word_1_283' title='bbox 994 1551 1091 1585; x_wconf 77' lang='lat' dir='ltr'>fillum</span> <span class='ocrx_word' id='word_1_284' title='bbox 1106 1575 1117 1594; x_wconf 91' lang='lat'>‚</span> <span class='ocrx_word' id='word_1_285' title='bbox 1143 1549 1268 1585; x_wconf 75' lang='lat' dir='ltr'>inferius</span> <span class='ocrx_word' id='word_1_286' title='bbox 1291 1559 1312 1581; x_wconf 92' lang='grc' dir='ltr'>ο</span> <span class='ocrx_word' id='word_1_287' title='bbox 1358 1549 1516 1594; x_wconf 79' lang='lat' dir='ltr'>integrum</span> <span class='ocrx_word' id='word_1_288' title='bbox 1534 1569 1545 1587; x_wconf 59' lang='lat'>³</span> <span class='ocrx_word' id='word_1_289' title='bbox 1579 1545 1674 1581; x_wconf 67' lang='lat' dir='ltr'>ambo</span> <span class='ocrx_word' id='word_1_290' title='bbox 1715 1546 1852 1583; x_wconf 67' lang='lat' dir='ltr'>inserun-</span> 
     </span>
     <span class='ocr_line' id='line_1_27' title="bbox 523 1597 1579 1646; baseline -0.002 -13"><span class='ocrx_word' id='word_1_291' title='bbox 523 1606 575 1633; x_wconf 75' lang='lat' dir='ltr'>tur</span> <span class='ocrx_word' id='word_1_292' title='bbox 597 1599 718 1640; x_wconf 79' lang='lat' dir='ltr'>sterno,</span> <span class='ocrx_word' id='word_1_293' title='bbox 745 1599 800 1634; x_wconf 90' lang='lat' dir='ltr'>sub</span> <span class='ocrx_word' id='word_1_294' title='bbox 828 1601 920 1634; x_wconf 84' lang='lat' dir='ltr'>initiis</span> <span class='ocrx_word' id='word_1_295' title='bbox 948 1599 1096 1636; x_wconf 82' lang='lat' dir='ltr'>fibrarum</span> <span class='ocrx_word' id='word_1_296' title='bbox 1123 1600 1250 1635; x_wconf 86' lang='lat' dir='ltr'>musculi</span> <span class='ocrx_word' id='word_1_297' title='bbox 1279 1597 1435 1646; x_wconf 70' lang='lat' dir='ltr'>pectoralis</span> <span class='ocrx_word' id='word_1_298' title='bbox 1469 1597 1579 1631; x_wconf 77' lang='lat' dir='ltr'>sinistri.</span> 
     </span>
    </p>
   </div>
   <div class='ocr_carea' id='block_1_5' title="bbox 523 1649 1854 1773">
    <p class='ocr_par' dir='ltr' id='par_1_6' title="bbox 523 1649 1854 1773">
     <span class='ocr_line' id='line_1_28' title="bbox 621 1649 1852 1711; baseline 0.004 -18"><span class='ocrx_word' id='word_1_299' title='bbox 621 1666 658 1693; x_wconf 86' lang='grc' dir='ltr'>α.</span> <span class='ocrx_word' id='word_1_300' title='bbox 683 1655 728 1709; x_wconf 86' lang='grc' dir='ltr'>β.</span> <span class='ocrx_word' id='word_1_301' title='bbox 750 1668 802 1709; x_wconf 74' lang='grc' dir='ltr'>Ὑ.</span> <span class='ocrx_word' id='word_1_302' title='bbox 827 1649 866 1693; x_wconf 77' lang='grc' dir='ltr'>ὃ.</span> <span class='ocrx_word' id='word_1_303' title='bbox 886 1670 915 1695; x_wconf 86' lang='grc' dir='ltr'>ε.</span> <span class='ocrx_word' id='word_1_304' title='bbox 937 1651 975 1708; x_wconf 74' lang='grc' dir='ltr'>ζ.</span> <span class='ocrx_word' id='word_1_305' title='bbox 996 1670 1037 1705; x_wconf 82' lang='grc' dir='ltr'>η.</span> <span class='ocrx_word' id='word_1_306' title='bbox 1058 1654 1090 1696; x_wconf 82' lang='grc' dir='ltr'>θ.</span> <span class='ocrx_word' id='word_1_307' title='bbox 1113 1669 1122 1696; x_wconf 82' lang='grc' dir='ltr'>ι</span> <span class='ocrx_word' id='word_1_308' title='bbox 1146 1658 1222 1695; x_wconf 82' lang='grc' dir='ltr'>κ.λ</span> <span class='ocrx_word' id='word_1_309' title='bbox 1250 1667 1301 1709; x_wconf 74' lang='grc' dir='ltr'>μ..</span> <span class='ocrx_word' id='word_1_310' title='bbox 1329 1660 1488 1698; x_wconf 71' lang='grc' dir='ltr'>ΜυΓευΙυς</span> <span class='ocrx_word' id='word_1_311' title='bbox 1504 1673 1617 1708; x_wconf 71' lang='lat' dir='ltr'>parum</span> <span class='ocrx_word' id='word_1_312' title='bbox 1644 1663 1852 1711; x_wconf 77' lang='lat' dir='ltr'>singularisiu</span> 
     </span>
     <span class='ocr_line' id='line_1_29' title="bbox 523 1723 1854 1773; baseline 0.008 -13"><span class='ocrx_word' id='word_1_313' title='bbox 523 1723 618 1760; x_wconf 75' lang='lat' dir='ltr'>latere</span> <span class='ocrx_word' id='word_1_314' title='bbox 654 1726 767 1761; x_wconf 76' lang='lat' dir='ltr'>sinistro</span> <span class='ocrx_word' id='word_1_315' title='bbox 799 1725 885 1773; x_wconf 83' lang='lat' dir='ltr'>supra</span> <span class='ocrx_word' id='word_1_316' title='bbox 901 1727 1084 1773; x_wconf 65' lang='lat' dir='ltr'>pefiloralem</span> <span class='ocrx_word' id='word_1_317' title='bbox 1124 1727 1294 1764; x_wconf 69' lang='lat' dir='ltr'>decurrens.</span> <span class='ocrx_word' id='word_1_318' title='bbox 1322 1733 1359 1758; x_wconf 77' lang='grc' dir='ltr'>α·</span> <span class='ocrx_word' id='word_1_319' title='bbox 1387 1742 1474 1767; x_wconf 74' lang='lat' dir='ltr'>ortus</span> <span class='ocrx_word' id='word_1_320' title='bbox 1500 1733 1666 1769; x_wconf 79' lang='lat' dir='ltr'>tendineus</span> <span class='ocrx_word' id='word_1_321' title='bbox 1714 1733 1854 1771; x_wconf 73' lang='lat' dir='ltr'>fisciculo</span> 
     </span>
    </p>
   </div>
   <div class='ocr_carea' id='block_1_6' title="bbox 522 1782 1855 1896">
    <p class='ocr_par' dir='ltr' id='par_1_7' title="bbox 522 1782 1855 1896">
     <span class='ocr_line' id='line_1_30' title="bbox 522 1782 1855 1846; baseline 0.011 -26"><span class='ocrx_word' id='word_1_322' title='bbox 522 1786 643 1821; x_wconf 72' lang='lat' dir='ltr'>alterius</span> <span class='ocrx_word' id='word_1_323' title='bbox 670 1787 796 1822; x_wconf 86' lang='lat' dir='ltr'>musculi</span> <span class='ocrx_word' id='word_1_324' title='bbox 824 1787 1045 1826; x_wconf 62' lang='lat' dir='ltr'>Acontinuus.</span> <span class='ocrx_word' id='word_1_325' title='bbox 1073 1782 1115 1837; x_wconf 83' lang='grc' dir='ltr'>β</span> <span class='ocrx_word' id='word_1_326' title='bbox 1138 1797 1192 1838; x_wconf 77' lang='lat' dir='ltr'>‘y-</span> <span class='ocrx_word' id='word_1_327' title='bbox 1221 1806 1263 1828; x_wconf 75' lang='lat' dir='ltr'>cx</span> <span class='ocrx_word' id='word_1_328' title='bbox 1291 1794 1429 1840; x_wconf 82' lang='lat' dir='ltr'>suprema</span> <span class='ocrx_word' id='word_1_329' title='bbox 1455 1809 1539 1844; x_wconf 76' lang='lat' dir='ltr'>parte</span> <span class='ocrx_word' id='word_1_330' title='bbox 1563 1801 1714 1846; x_wconf 75' lang='lat' dir='ltr'>portionis</span> <span class='ocrx_word' id='word_1_331' title='bbox 1750 1799 1855 1835; x_wconf 80' lang='lat' dir='ltr'>tendi-</span> 
     </span>
     <span class='ocr_line' id='line_1_31' title="bbox 523 1837 1850 1896; baseline 0.009 -25"><span class='ocrx_word' id='word_1_332' title='bbox 523 1848 601 1871; x_wconf 80' lang='lat' dir='ltr'>neae</span> <span class='ocrx_word' id='word_1_333' title='bbox 626 1849 670 1873; x_wconf 85' lang='lat' dir='ltr'>ex</span> <span class='ocrx_word' id='word_1_334' title='bbox 697 1839 773 1872; x_wconf 83' lang='lat' dir='ltr'>costa</span> <span class='ocrx_word' id='word_1_335' title='bbox 800 1837 928 1886; x_wconf 80' lang='lat' dir='ltr'>septima</span> <span class='ocrx_word' id='word_1_336' title='bbox 957 1840 1109 1876; x_wconf 82' lang='lat' dir='ltr'>tendentis</span> <span class='ocrx_word' id='word_1_337' title='bbox 1147 1842 1186 1877; x_wconf 83' lang='lat' dir='ltr'>ad</span> <span class='ocrx_word' id='word_1_338' title='bbox 1212 1843 1398 1892; x_wconf 66' lang='lat' dir='ltr'>pectoralem</span> <span class='ocrx_word' id='word_1_339' title='bbox 1415 1867 1426 1886; x_wconf 93' lang='lat'>‚</span> <span class='ocrx_word' id='word_1_340' title='bbox 1453 1859 1530 1896; x_wconf 90' lang='lat' dir='ltr'>quae</span> <span class='ocrx_word' id='word_1_341' title='bbox 1561 1860 1631 1883; x_wconf 84' lang='lat' dir='ltr'>cum</span> <span class='ocrx_word' id='word_1_342' title='bbox 1673 1850 1850 1895; x_wconf 78' lang='lat' dir='ltr'>aponeurofi</span> 
     </span>
    </p>
   </div>
   <div class='ocr_carea' id='block_1_7' title="bbox 524 1894 1853 1945">
    <p class='ocr_par' dir='ltr' id='par_1_8' title="bbox 524 1894 1853 1945">
     <span class='ocr_line' id='line_1_32' title="bbox 524 1894 1853 1945; baseline 0.012 -16"><span class='ocrx_word' id='word_1_343' title='bbox 524 1894 648 1930; x_wconf 80' lang='lat' dir='ltr'>musculi</span> <span class='ocrx_word' id='word_1_344' title='bbox 693 1895 821 1945; x_wconf 84' lang='lat' dir='ltr'>oblique</span> <span class='ocrx_word' id='word_1_345' title='bbox 869 1899 996 1933; x_wconf 80' lang='lat' dir='ltr'>externi</span> <span class='ocrx_word' id='word_1_346' title='bbox 1045 1910 1098 1938; x_wconf 83' lang='lat'>17·</span> <span class='ocrx_word' id='word_1_347' title='bbox 1143 1902 1296 1941; x_wconf 79' lang='lat' dir='ltr'>cohaeret.</span> <span class='ocrx_word' id='word_1_348' title='bbox 1322 1894 1362 1938; x_wconf 76' lang='grc' dir='ltr'>ὃ.</span> <span class='ocrx_word' id='word_1_349' title='bbox 1385 1913 1415 1939; x_wconf 87' lang='grc' dir='ltr'>ε.</span> <span class='ocrx_word' id='word_1_350' title='bbox 1443 1907 1610 1941; x_wconf 53' lang='lat' dir='ltr'>commistio</span> <span class='ocrx_word' id='word_1_351' title='bbox 1637 1908 1667 1941; x_wconf 87' lang='lat' dir='ltr'>in</span> <span class='ocrx_word' id='word_1_352' title='bbox 1685 1905 1763 1943; x_wconf 84' lang='lat' dir='ltr'>duos</span> <span class='ocrx_word' id='word_1_353' title='bbox 1776 1917 1853 1944; x_wconf 70' lang='lat' dir='ltr'>ten-</span> 
     </span>
    </p>
   </div>
   <div class='ocr_carea' id='block_1_8' title="bbox 527 1954 1853 2084">
    <p class='ocr_par' dir='ltr' id='par_1_9' title="bbox 527 1954 1853 2084">
     <span class='ocr_line' id='line_1_33' title="bbox 527 1954 1853 2013; baseline 0.011 -17"><span class='ocrx_word' id='word_1_354' title='bbox 527 1962 614 1997; x_wconf 70' lang='lat' dir='ltr'>dines</span> <span class='ocrx_word' id='word_1_355' title='bbox 629 1962 786 2006; x_wconf 71' lang='lat' dir='ltr'>laterales,</span> <span class='ocrx_word' id='word_1_356' title='bbox 812 1966 864 2013; x_wconf 89' lang='lat' dir='ltr'>qui</span> <span class='ocrx_word' id='word_1_357' title='bbox 883 1965 1008 2000; x_wconf 70' lang='lat' dir='ltr'>distinfti</span> <span class='ocrx_word' id='word_1_358' title='bbox 1025 1973 1170 2002; x_wconf 70' lang='lat' dir='ltr'>coeuntes</span> <span class='ocrx_word' id='word_1_359' title='bbox 1187 1954 1218 2012; x_wconf 78' lang='grc' dir='ltr'><em>ζ</em></span> <span class='ocrx_word' id='word_1_360' title='bbox 1231 1974 1271 2009; x_wconf 80' lang='grc' dir='ltr'>ἠ-</span> <span class='ocrx_word' id='word_1_361' title='bbox 1297 1971 1410 2007; x_wconf 78' lang='lat' dir='ltr'>abeunt</span> <span class='ocrx_word' id='word_1_362' title='bbox 1441 1973 1473 2005; x_wconf 85' lang='lat' dir='ltr'>in</span> <span class='ocrx_word' id='word_1_363' title='bbox 1513 1982 1634 2007; x_wconf 72' lang='lat' dir='ltr'>earnem</span> <span class='ocrx_word' id='word_1_364' title='bbox 1684 1973 1853 2011; x_wconf 74' lang='lat' dir='ltr'>rotundam</span> 
     </span>
     <span class='ocr_line' id='line_1_34' title="bbox 527 2018 1850 2084; baseline 0.01 -22"><span class='ocrx_word' id='word_1_365' title='bbox 527 2026 636 2062; x_wconf 80' lang='lat' dir='ltr'>sensim</span> <span class='ocrx_word' id='word_1_366' title='bbox 664 2027 799 2062; x_wconf 81' lang='lat' dir='ltr'>latiorem</span> <span class='ocrx_word' id='word_1_367' title='bbox 828 2018 862 2058; x_wconf 77' lang='lat'>0.</span> <span class='ocrx_word' id='word_1_368' title='bbox 890 2026 929 2061; x_wconf 81' lang='lat' dir='ltr'>ad</span> <span class='ocrx_word' id='word_1_369' title='bbox 956 2026 1088 2063; x_wconf 84' lang='lat' dir='ltr'>mediam</span> <span class='ocrx_word' id='word_1_370' title='bbox 1118 2028 1186 2064; x_wconf 77' lang='lat' dir='ltr'>suae</span> <span class='ocrx_word' id='word_1_371' title='bbox 1213 2030 1411 2080; x_wconf 80' lang='lat' dir='ltr'>longitudinis</span> <span class='ocrx_word' id='word_1_372' title='bbox 1428 2056 1442 2077; x_wconf 87' lang='lat'><em>,</em></span> <span class='ocrx_word' id='word_1_373' title='bbox 1469 2033 1550 2069; x_wconf 89' lang='lat' dir='ltr'>vnde</span> <span class='ocrx_word' id='word_1_374' title='bbox 1565 2036 1684 2084; x_wconf 81' lang='lat' dir='ltr'>planior</span> <span class='ocrx_word' id='word_1_375' title='bbox 1701 2048 1850 2075; x_wconf 66' lang='lat' dir='ltr'>extenu-</span> 
     </span>
    </p>
   </div>
   <div class='ocr_carea' id='block_1_9' title="bbox 529 2090 1857 2193">
    <p class='ocr_par' dir='ltr' id='par_1_10' title="bbox 529 2090 1857 2193">
     <span class='ocr_line' id='line_1_35' title="bbox 531 2090 1853 2144; baseline 0.008 -19"><span class='ocrx_word' id='word_1_376' title='bbox 531 2098 584 2125; x_wconf 68' lang='grc' dir='ltr'>ων</span> <span class='ocrx_word' id='word_1_377' title='bbox 613 2092 728 2125; x_wconf 72' lang='lat' dir='ltr'>iterum</span> <span class='ocrx_word' id='word_1_378' title='bbox 755 2091 783 2123; x_wconf 78' lang='lat' dir='ltr'>in</span> <span class='ocrx_word' id='word_1_379' title='bbox 809 2090 964 2125; x_wconf 85' lang='lat' dir='ltr'>tendinem</span> <span class='ocrx_word' id='word_1_380' title='bbox 1001 2093 1023 2119; x_wconf 83' lang='grc' dir='ltr'>Ι-</span> <span class='ocrx_word' id='word_1_381' title='bbox 1060 2091 1136 2138; x_wconf 75' lang='lat' dir='ltr'>qui,</span> <span class='ocrx_word' id='word_1_382' title='bbox 1172 2090 1256 2126; x_wconf 66' lang='lat' dir='ltr'>fibris·</span> <span class='ocrx_word' id='word_1_383' title='bbox 1287 2093 1423 2144; x_wconf 72' lang='lat' dir='ltr'>dispersis</span> <span class='ocrx_word' id='word_1_384' title='bbox 1449 2091 1536 2137; x_wconf 79' lang='grc' dir='ltr'>κλ,</span> <span class='ocrx_word' id='word_1_385' title='bbox 1566 2098 1707 2134; x_wconf 73' lang='lat' dir='ltr'>inserirur</span> <span class='ocrx_word' id='word_1_386' title='bbox 1748 2110 1853 2135; x_wconf 87' lang='lat' dir='ltr'>mem-</span> 
     </span>
     <span class='ocr_line' id='line_1_36' title="bbox 529 2137 1857 2193; baseline 0.015 -25"><span class='ocrx_word' id='word_1_387' title='bbox 529 2139 641 2177; x_wconf 55' lang='lat' dir='ltr'>brum</span> <span class='ocrx_word' id='word_1_388' title='bbox 695 2137 868 2176; x_wconf 82' lang='lat' dir='ltr'>musculum</span> <span class='ocrx_word' id='word_1_389' title='bbox 916 2138 1110 2188; x_wconf 67' lang='lat' dir='ltr'>pectoralem</span> <span class='ocrx_word' id='word_1_390' title='bbox 1165 2142 1343 2193; x_wconf 76' lang='lat' dir='ltr'>inuestcnti,</span> <span class='ocrx_word' id='word_1_391' title='bbox 1386 2145 1437 2183; x_wconf 81' lang='lat' dir='ltr'>vel</span> <span class='ocrx_word' id='word_1_392' title='bbox 1479 2158 1555 2184; x_wconf 85' lang='lat' dir='ltr'>cum</span> <span class='ocrx_word' id='word_1_393' title='bbox 1592 2148 1732 2186; x_wconf 74' lang='lat' dir='ltr'>eiusdem</span> <span class='ocrx_word' id='word_1_394' title='bbox 1773 2147 1857 2186; x_wconf 71' lang='lat' dir='ltr'>fibri·</span> 
     </span>
    </p>
   </div>
   <div class='ocr_carea' id='block_1_10' title="bbox 531 2198 1853 2338">
    <p class='ocr_par' dir='ltr' id='par_1_11' title="bbox 531 2198 1853 2338">
     <span class='ocr_line' id='line_1_37' title="bbox 531 2198 748 2250; baseline 0.005 -13"><span class='ocrx_word' id='word_1_395' title='bbox 531 2198 663 2250; x_wconf 74' lang='lat' dir='ltr'>disparet</span> <span class='ocrx_word' id='word_1_396' title='bbox 697 2206 730 2248; x_wconf 84' lang='grc' dir='ltr'>μ</span> <span class='ocrx_word' id='word_1_397' title='bbox 740 2223 748 2233; x_wconf 85' lang='lat'>·</span> 
     </span>
     <span class='ocr_line' id='line_1_38' title="bbox 1771 2292 1853 2338; baseline 0.024 -2"><span class='ocrx_word' id='word_1_398' title='bbox 1771 2292 1853 2338; x_wconf 76' lang='lat' dir='ltr'>DE</span> 
     </span>
    </p>
   </div>
  </div>
 </body>
</html>
