1971 2700
489 183 547 229 ’ὡ
580 185 660 230 DE
693 166 1070 228 REDVcnoNE
1105 171 1419 227 LINEARVM
1455 168 1771 229 CVRVARVM

490 300 646 343 eandem
680 298 835 356 plagam
869 298 1007 354 vbiqiie
1049 297 1129 338 snnt
1169 309 1355 339 concanae
1375 331 1385 351 ,
1411 298 1532 352 quales
1571 297 1633 338 hic
1658 310 1812 341 tanturn

489 366 687 408 considero
707 399 718 417 ,
751 366 900 406 ratione
946 362 1159 404 curuedinis
1208 363 1253 403 ad
1289 363 1490 416 ·iequentia
1545 375 1682 416 genera
1720 365 1811 405 reie-

489 440 637 472 rentiin
709 429 883 470 Primum
954 434 1070 481 genus
1110 438 1212 467 arcus
1272 436 1422 468 tantum
1464 427 1658 467 circulares
1701 439 1813 468 com-

489 493 699 549 plectitur,
733 494 795 547 qui
829 493 969 545 vbique
1003 490 1166 532 eandem
1206 500 1445 532 curuaturam
1488 500 1616 531 tenent
1638 525 1647 543 ,
1681 490 1813 545 hisque

488 559 618 612 regula
651 558 736 598 data
769 555 908 597 exacte
940 552 1122 595 satisfacit.
1194 555 1260 595 Ad
1292 555 1492 596 secundum
1525 568 1642 610 genus
1674 567 1733 596 eas
1759 567 1814 595 re-

487 620 571 662 sero
604 633 734 662 curuas
753 651 764 669 ‚
798 631 959 674 quarum
992 619 1157 659 curuedo
1190 619 1236 658 ab
1270 619 1309 660 A
1341 619 1390 660 ad
1430 618 1477 660 M
1527 620 1710 660 continuo
1751 617 1816 661 vel

487 684 617 725 crescit
651 685 713 726 vel
744 683 920 724 decrescit
940 715 953 733 ,
985 695 1061 736 quo
1094 681 1177 734 casu
1205 683 1392 724 dimensio
1424 686 1577 724 inuenta
1611 685 1678 724 vix
1709 683 1815 724 sensi-

489 748 655 789 bilitera
673 747 832 788 veritate
855 748 1030 788 recedere
1062 747 1184 801 potest
1205 780 1215 799 ,
1249 747 1274 788 fi
1305 749 1410 788 enim
1443 750 1605 789 ciiriiedo
1638 748 1815 801 aequabi-

488 810 572 852 liter
605 810 667 852 vel
700 810 830 852 crescit
862 811 927 852 vel
959 810 1131 852 decrescit
1149 813 1278 866 ,quod
1313 813 1354 852 iii
1387 824 1500 853 curua
1530 824 1581 853 ex
1597 813 1815 853 euolutione

491 875 619 917 circuli
653 885 741 916 nata
774 874 841 916 vsu
873 876 1008 927 venit,
1042 875 1203 917 formula
1242 873 1497 932 ξηρὴ-ᾳ)
1538 877 1674 921 exacte
1716 877 1818 916 latis-

491 938 608 981 fiicit:
643 949 683 980 ct
716 938 782 981 nisi
814 941 967 994 angulus
998 937 1042 980 N
1074 940 1118 981 sit
1157 939 1242 980 satis
1282 953 1470 993 magnus,
1508 941 1718 982 curuediiii>
1759 942 1815 980 in-

489 1014 683 1058 crementa
725 1002 790 1044 vei
828 1004 1074 1044 decrementa
1115 1003 1164 1042 ab
1203 1004 1462 1055 aequabilitate
1498 1006 1572 1044 vix.
1606 1004 1817 1046 sensibiliter

488 1067 672 1118 discedere
702 1066 862 1120 possunt.
927 1067 1109 1109 Tertium
1142 1077 1259 1118 genus
1297 1066 1597 1119 comprehendit
1635 1079 1697 1107 eas
1735 1080 1825 1110 cur--

491 1143 560 1171 vas
588 1130 627 1171 A
647 1129 693 1172 M
714 1161 727 1182 ,
766 1142 924 1184 qimi-um
977 1128 1147 1169 curuedo
1194 1129 1241 1168 ab
1272 1127 1312 1168 A
1345 1129 1393 1168 ad
1445 1130 1632 1181 punctum
1667 1130 1819 1182 aliquod

489 1195 664 1237 'medium
695 1194 736 1235 Ο
772 1194 868 1235 inter
899 1195 940 1235 A
973 1203 1012 1233 et
1045 1191 1095 1234 M
1129 1189 1289 1244 crescit,
1318 1192 1405 1232 inde
1448 1205 1544 1233 vero
1585 1192 1632 1232 ad
1675 1192 1723 1234 M
1758 1206 1821 1235 vs-

490 1272 564 1313 que
598 1260 734 1299 iterum
765 1257 976 1308 decrescit,
1009 1268 1088 1310 quo
1119 1253 1202 1296 casu
1235 1268 1347 1297 curua
1382 1258 1419 1296 in
1444 1255 1484 1297 Ο
1510 1257 1668 1310 gibbum
1704 1256 1819 1296 habe·

492 1324 548 1364 bit
570 1357 581 1375 ,
601 1324 702 1363 vnde
734 1334 823 1363 eam
856 1322 1073 1374 longiorem
1106 1318 1180 1360 eise
1210 1328 1369 1374 oportet
1389 1353 1400 1371 ,
1430 1333 1545 1374 quani
1566 1321 1726 1360 (brinul-‚i
1746 1332 1816 1360 no-

488 1387 563 1429 stra
594 1387 748 1428 indicat.
815 1387 965 1443 Quarto
996 1393 1141 1430 contra,
1157 1385 1285 1437 generi
1319 1385 1608 1431 adiiiimcramiis
1636 1397 1700 1424 cas
1734 1397 1818 1424 ciir-

490 1463 558 1492 uas
592 1449 719 1503 AM,
756 1463 917 1505 quarum
959 1448 1124 1490 cumedo
1157 1448 1204 1489 ab
1238 1451 1273 1490 A
1306 1449 1353 1490 ad
1384 1446 1424 1490 Ο
1455 1447 1662 1500 decrescit,
1695 1449 1742 1489 ab
1776 1448 1818 1489 Ο

490 1527 586 1555 vero
636 1516 683 1556 ad
715 1513 763 1555 M
815 1516 949 1555 iterum
996 1511 1153 1564 crescit,
1186 1513 1240 1554 ita
1269 1523 1314 1554 vt
1347 1513 1388 1554 in
1420 1511 1460 1554 Ο
1493 1513 1687 1553 habiturae
1747 1512 1819 1554 sint

489 1578 676 1632 quandam
716 1574 1008 1631 depressionem,
1072 1575 1302 1618 Huiusmodi
1333 1589 1428 1632 ergo
1446 1576 1626 1618 linearum
1654 1577 1817 1630 longitu-

490 1644 543 1683 do
577 1643 707 1683 minor
737 1643 839 1693 erit,
872 1654 985 1696 quarn
1029 1640 1156 1693 regula
1195 1640 1356 1682 declarat
1376 1674 1387 1694 ,
1429 1643 1608 1694 quoniam
1648 1642 1745 1681 circa
1778 1639 1818 1681 Ο

491 1707 651 1761 propius
692 1708 737 1748 ad
779 1706 913 1747 lineam
941 1705 1086 1747 rectam
1126 1705 1325 1747 accedunt,
1388 1706 1532 1761 Quodsi
1573 1718 1665 1758 crgo
1707 1717 1819 1745 curua

489 1771 535 1812 ad
580 1771 737 1811 tertium
783 1771 844 1811 vel
887 1781 1063 1824 quartum
1103 1782 1219 1824 genus
1260 1771 1450 1824 pertinens
1491 1771 1529 1810 in
1569 1769 1610 1809 Ο
1650 1767 1818 1820 secetur,

490 1844 603 1888 atque
638 1845 720 1875 vtra
754 1835 884 1887 portio
917 1834 1004 1876 ΑΟ
1044 1844 1083 1874 ct
1125 1833 1222 1875 ΜΟ
1262 1835 1341 1873 iam
1375 1833 1422 1874 ad
1463 1844 1578 1886 genus
1615 1829 1816 1872 secundum

492 1899 682 1939 reserenda
717 1910 794 1952 ope
828 1899 977 1953 regulae
1012 1898 1167 1940 traditae
1193 1895 1425 1938 mensuretur
1444 1928 1454 1946 ,
1488 1907 1592 1935 error
1613 1894 1818 1935 neccffario

491 1962 559 2003 fiet
593 1963 800 2013 minimus,
835 1975 923 2003 cum
959 1975 1036 2002 non
1071 1962 1185 2000 solum
1217 1960 1341 2012 regula
1375 1959 1421 1999 ad
1462 1957 1527 1997 has
1547 1966 1671 2011 partes
1698 1958 1819 2011 magis

494 2025 539 2066 sit
574 2026 867 2067 accommodata
888 2053 900 2077 ,
949 2023 1009 2065 scd
1041 2025 1158 2066 ctiam
1200 2021 1411 2077 amplitudo
1452 2020 1604 2062 istarum
1649 2023 1816 2077 partium

492 2090 624 2132 minor
656 2088 801 2131 euadat.

1690 2211 1814 2255 Scho-
