1971 2700
715 186 873 243 (29)

141 322 228 353 rum
269 309 376 350 lunae
419 306 671 361 praecedentis
709 315 749 345 et
778 305 988 358 sequentis,
1027 318 1096 347 nec
1138 320 1216 348 non
1249 314 1447 364 cuspidnm

143 373 265 429 phasis
302 374 473 423 cuiusque
512 369 558 409 ad
592 368 699 409 filum
743 369 885 409 reticuli
918 368 1073 410 horarii.

256 436 302 477 In
335 435 367 483 ξ.
403 444 444 481 7.
484 438 507 474 8
542 441 582 471 et
616 445 656 483 9,
690 430 898 472 Schematis
937 434 1165 476 constructio
1203 436 1407 477 exhibetur
1439 470 1453 489 ‚

145 510 187 541 et
217 511 312 554 quae
343 509 394 536 ex
428 494 494 535 illo
527 496 685 535 deducta
719 496 831 548 sunt3
874 495 952 536 scil.
987 509 1062 550 pro
1093 501 1222 552 quauis
1254 501 1457 541 obseruari*

146 575 223 605 one
259 563 280 611 ς
324 563 365 598 6.
399 559 567 610 adducta,
598 560 763 600 distantia
800 561 922 599 centri
952 560 1111 602 vmbrae
1144 576 1166 603 a
1199 563 1289 604 loco
1319 563 1451 605 obscu—

143 627 294 668 rationis
354 623 551 663 maximae
636 623 676 663 in
738 623 901 675 partibus
972 627 1162 679 temporis
1209 641 1287 681 ope
1336 628 1449 668 horas

145 691 192 731 rii
221 689 330 729 lunae
363 699 384 725 a
416 685 490 725 sole
512 719 521 737 ‚
567 686 686 739 phasis
717 686 905 739 positione
924 717 937 736 ,
968 690 1154 740 quantitas
1184 691 1454 732 obscurationis

147 765 191 795 ac
217 762 369 804 tempus
383 749 648 789 obscurationis
666 748 872 800 maximae,
888 744 1026 789 'deinde
1043 750 1206 791 latitudo
1225 753 1332 792 lunae
1347 764 1385 793 et
1402 755 1455 794 di-

148 817 276 858 stantia
292 823 514 853 centrorum
545 813 706 853 minima
725 846 736 864 ‚
771 813 873 853 vnde
906 822 1091 867 quantitas
1124 815 1271 868 eclipfis
1314 816 1461 870 prodit,

147 881 181 929 §-
226 888 366 919 autem.
410 889 452 925 9.
497 882 741 917 momentum
780 875 1046 918 obscurationis
1077 878 1276 920 maximae
1315 878 1461 932 duplici

148 942 271 984 modo
303 954 372 995 per
398 940 474 980 obs.
500 941 596 980 initii
629 950 669 980 et
702 940 788 980 finis
817 950 856 980 et
888 953 958 994 per
989 941 1253 983 immersiones
1269 950 1308 982 et
1333 954 1461 983 emer-

148 1006 265 1047 siones
305 1004 537 1045 macularum
571 1003 761 1044 Grimaldi
794 1013 832 1042 et
864 1003 1068 1054 Tychonis
1107 1005 1305 1046 definitum
1335 1015 1375 1046 et
1405 1018 1464 1047 ex

149 1068 208 1110 his
239 1068 409 1107 mediam
448 1066 633 1118 quandam
667 1066 893 1106 determinat
935 1067 1257 1110 obscurationem.

265 1130 298 1176 §.
337 1141 407 1166 10.
442 1128 616 1178 Tempus
645 1127 895 1179 oppofitionis
926 1141 1065 1170 verum
1095 1139 1133 1169 et
1165 1132 1202 1180 ξ.
1238 1144 1307 1170 11.
1341 1145 1463 1186 quan·-

150 1192 294 1231 ritatem
339 1188 481 1242 eclipsis
517 1201 569 1228 ex
612 1189 851 1229 immersione
893 1200 932 1230 et
972 1193 1182 1235 emersione
1222 1195 1459 1236 macularum

149 1252 353 1304 Tychonis
383 1262 424 1292 et
455 1248 647 1292 Grimaldi
688 1265 889 1307 earumque
928 1257 1115 1308 positione
1148 1259 1187 1297 in
1220 1259 1318 1299 disco
1350 1258 1461 1300 lunae

149 1326 257 1358 eruit.

265 1380 300 1427 §.
339 1392 410 1420 12.
454 1379 556 1419 Iouis
594 1389 634 1418 et
678 1394 718 1430 4.
761 1379 974 1423 Satellitum
1016 1385 1096 1425 eius
1136 1386 1369 1439 positionem
1402 1399 1462 1426 re·

151 1442 281 1497 spensti]
313 1443 433 1482 centri
465 1452 503 1482 et
533 1443 657 1482 diurni
691 1446 772 1483 veri
808 1445 914 1485 lunae
947 1459 999 1487 ex
1034 1449 1183 1489 transitu
1215 1450 1371 1490 istorum
1391 1462 1464 1503 per

151 1506 217 1547 fila
256 1506 401 1546 reticuli
444 1506 737 1558 determinatur,
777 1517 817 1547 et
850 1510 882 1557 ξ.
935 1521 986 1556 13
1024 1521 1063 1551 et
1101 1525 1169 1562 14.
1203 1514 1462 1566 comparatio-

152 1581 243 1610 nem
286 1569 551 1609 obseruationis
590 1570 670 1610 suae
714 1584 800 1611 cum
837 1574 1040 1614 Viennensi
1082 1588 1103 1614 a
1136 1573 1197 1616 Cl,
1235 1576 1466 1616 Marinonio

153 1642 193 1672 et
223 1645 268 1672 ea
301 1644 396 1686 quae
429 1633 468 1672 in
503 1633 648 1685 specula
680 1633 874 1688 Imperiali
907 1636 1190 1691 Petropolitana
1221 1639 1349 1680 habita
1379 1639 1461 1692 suit,

153 1695 320 1736 instituit.

152 1813 198 1852 N.
223 1814 392 1852 POPOW
416 1814 685 1854 METHODVS
711 1818 1008 1904 OlglzgssVANDl
1033 1823 1243 1862 ECLlPSES
1258 1824 1465 1862 LVMINA-

819 1885 828 1903 ι
860 1899 868 1907 .

154 1955 404 2071 Exposuit
449 1968 546 2010 clare
585 1972 717 2012 doctus
754 1972 808 2013 D.
857 1975 1065 2017 Adiunc‘tus
1105 1981 1143 2018 in
1182 1980 1241 2020 sua
1274 1982 1465 2024 methodo

283 2031 434 2086 eclipses
472 2033 716 2076 luminarium
757 2037 973 2079 obseruandi
1014 2053 1091 2080 uon
1131 2042 1253 2084 solum
1296 2047 1465 2086 constru-

154 2092 325 2134 itionem
365 2095 424 2136 sed
464 2106 505 2137 et
544 2099 650 2139 vsum
690 2101 924 2142 micrometri
966 2103 1013 2143 ab
1045 2105 1125 2158 ipso
1157 2108 1202 2146 ad
1236 2108 1464 2150 obst-matio-

152 2167 221 2196 nes
249 2156 541 2202 Astronomicas
577 2164 790 2204 commode
819 2167 1051 2219 peragendas
1088 2171 1208 2223 magis
1240 2183 1460 2213 accommo-

749 2227 777 2268 d
808 2239 832 2276 3
1359 2236 1430 2273 duri
1453 2268 1464 2284 ,
