1971 2700
543 229 568 257 2
575 228 595 268 5
605 223 629 261 8
853 208 1211 258 OBSERVATIO
1245 206 1614 255 ANATOMICA

536 330 801 386 inplantantur.
878 329 984 371 Alias
1024 337 1157 368 autem
1191 322 1262 381 (a)
1303 326 1403 367 dicit.
1474 322 1592 368 Reda
1608 323 1740 378 fibras
1768 328 1859 387 sur-

522 392 608 449 stam
625 395 754 436 ducens
772 408 798 434 a
814 394 922 448 pubis
939 390 1004 447 qffe
1034 392 1089 432 ad
1119 390 1244 446 pet-‘tus
1261 388 1468 442 confi-elidit.
1505 387 1733 433 Genemxem
1761 396 1857 439 hanc

536 459 824 512 descriptionem
845 490 856 507 ,
889 468 927 497 et
962 456 1152 508 imprimis
1186 454 1478 496 delineationem
1501 488 1511 507 ,
1553 456 1683 509 postea
1730 469 1856 500 emen-

535 523 639 562 dauit
673 520 988 561 Bartholomaeus
1020 518 1262 572 Eustachius,
1298 519 1420 561 tabula
1473 520 1685 560 :inatomica
1721 522 1860 576 trigest-

535 597 602 625 ττι-,ι
647 583 803 624 secunda
847 585 884 624 in
916 584 1054 624 dextro
1088 581 1191 637 (b),
1246 584 1365 625 tabula
1397 594 1523 624 autem
1561 585 1750 638 trigesima
1787 595 1863 627 tet·

534 648 586 688 tia
639 649 676 688 in
717 648 862 688 sinistro
895 647 1059 688 rnnlculo
1102 645 1171 702 (c)
1192 681 1202 700 ,
1251 648 1436 689 exbibens
1484 648 1748 689 accuratissime
1797 650 1861 690 de-

532 712 672 753 lineata
706 712 775 752 tria
810 721 1015 762 extrema,
1049 711 1182 765 quibus
1216 713 1254 751 in
1288 713 1455 752 tendincs
1489 714 1588 765 prius
1622 713 1860 767 extenuatis,

532 777 578 816 ad
638 777 800 817 totidem
863 776 1054 817 costarum
1105 787 1279 816 verarum
1329 776 1546 817 inferiorum
1599 777 1861 831 cartilagines,

529 840 737 894 leptimam
771 839 936 892 scilicet,
971 839 1113 880 sextam
1133 871 1144 890 ,
1177 850 1217 879 et
1250 842 1419 894 quintam
1441 873 1452 892 ,
1487 843 1659 895 pertinet.
1729 841 1780 882 Et
1806 840 1861 882 fa-

529 904 606 944 cies
640 905 699 944 illa
733 905 770 944 in
804 905 966 957 optimis
999 903 1222 956 corporibus
1255 904 1331 944 sere
1375 904 1523 959 semper
1574 906 1714 946 const-,it
1764 905 1857 956 (d).

529 965 578 1010 In
612 967 769 1008 Tabulis
801 977 929 1010 autem
952 997 964 1016 ‚
996 978 1094 1021 quae
1146 978 1200 1006 ex
1229 967 1447 1008 dissectione
1480 979 1519 1009 et
1555 973 1717 1023 partium
1752 982 1861 1024 prae-

527 1032 727 1085 paratione
751 1030 915 1072 Domini
935 1028 1143 1082 Duucrney
1163 1027 1344 1084 Chirurgi
1364 1031 1510 1072 Parisini
1529 1044 1568 1073 et
1589 1035 1626 1074 in
1646 1034 1763 1074 horto
1783 1035 1861 1076 Re.

526 1096 594 1148 gio
613 1096 846 1136 Anatomiae
867 1093 1197 1136 Demonstmtoris
1216 1107 1334 1148 nuper
1351 1107 1372 1134 a
1390 1092 1548 1136 Gautier
1581 1097 1749 1150 singulari
1780 1107 1861 1139 arte

525 1158 729 1211 impressae
749 1158 827 1198 sunt
849 1190 860 1209 ,
880 1168 1005 1211 partes
1039 1157 1175 1198 scilicet
1206 1158 1333 1197 colore
1365 1170 1402 1199 et
1421 1161 1681 1212 magnitudine
1703 1162 1861 1204 naturali

525 1223 788 1276 exprimentes
821 1219 892 1276 (e)
915 1255 926 1273 ,
979 1220 1166 1262 Musculus
1206 1221 1345 1262 Rectus
1385 1223 1599 1263 abdominis
1647 1222 1862 1267 describitur

528 1287 619 1327 oriri
654 1285 806 1342 (ortum
841 1287 946 1326 enim
989 1297 1037 1325 ex
1073 1281 1212 1326 Caleni
1265 1285 1497 1338 aliorumque
1550 1286 1692 1338 placitis
1745 1289 1859 1341 ponit

524 1349 708 1400 Austor,
742 1361 818 1402 quo
852 1361 921 1388 nos
954 1345 1222 1403 insertionem)
1265 1361 1286 1387 a
1322 1349 1434 1388 tribus
1479 1347 1700 1389 inferiorum
1751 1364 1858 1393 vera-

523 1425 610 1455 rum
644 1412 832 1453 costarum
881 1412 1182 1465 cartilaginibus,
1233 1411 1540 1465 quandoquidem
1574 1424 1594 1450 a
1628 1412 1766 1454 duabus
1800 1414 1858 1456 so-

526 1476 609 1518 lum
650 1475 698 1531 (f
702 1476 729 1533 )
796 1475 983 1516 Posterior
1019 1475 1118 1516 casus
1138 1506 1150 1524 ‚
1183 1484 1226 1514 vt
1261 1476 1434 1515 naturalis
1456 1505 1466 1519 ,
1499 1474 1537 1514 in
1578 1485 1764 1517 caeterum
1787 1479 1858 1520 rite

522 1540 696 1582 formato
728 1552 893 1594 corpore
926 1539 1024 1580 mihi
1059 1539 1231 1580 nondum
1265 1540 1467 1592 apparuit,
1500 1551 1619 1591 neque
1657 1539 1857 1584 obstruant:

524 1602 623 1645 hunc
659 1605 805 1645 videtur
838 1601 1116 1645 Celeberrimus
1147 1600 1196 1643 B.
1233 1600 1274 1643 S.
1309 1601 1643 1655 Albinus‚saltem
1663 1614 1748 1645 ante
1774 1607 1855 1648 edi-

1772 1680 1853 1712 tam

662 1751 730 1799 (a)
745 1751 907 1800 Epitomet
921 1769 984 1802 cap.
1000 1753 1041 1792 ll,
1057 1754 1130 1788 vide
1145 1753 1217 1793 ibid.
1227 1751 1282 1788 111.
1301 1751 1468 1800 muse-Fig.
1484 1764 1526 1787 m.
1539 1756 1604 1787 a.b.
1619 1756 1658 1786 ἀ.
1676 1750 1751 1800 Fig.
1764 1750 1855 1795 lvd:

662 1802 728 1850 (b)
754 1802 879 1851 Explic,
909 1806 1090 1841 Albinianne
1138 1802 1181 1846 Q

668 1853 733 1899 (c)
761 1851 838 1889 lbid.
865 1862 937 1896 ⁰¹.st
954 1869 983 1896 Ὗ.

649 1902 728 1950 (d)
752 1903 870 1939 Confer
886 1901 922 1937 B.
941 1902 973 1937 S.
992 1900 1110 1936 Albini.
1130 1898 1209 1936 Hist.
1227 1902 1317 1938 must.
1334 1900 1375 1941 L.
1395 1913 1411 1938 1
1424 1916 1434 1938 ι
1449 1915 1476 1937 ι.
1490 1913 1516 1937 c.
1537 1905 1592 1944 78.
1607 1912 1640 1936 et
1651 1897 1730 1935 Tab.
1751 1898 1847 1939 Anat.

514 1955 605 1990 muse.
633 1954 755 1989 secund.
787 1967 811 1987 a.
849 1954 878 1988 b·
910 1965 935 1986 c.

671 2003 740 2050 (e)
757 2003 908 2047 Myologie
921 2006 1067 2048 complure
1081 2016 1115 2037 en
1127 2005 1233 2037 couleur
1247 2010 1275 2035 er
1284 2004 1430 2045 μυιάων
1446 2002 1584 2035 narmlle
1597 2001 1615 2033 ὸ
1633 1998 1714 2035 Paris
1735 2009 1839 2046 1746.

667 2052 728 2098 (st
756 2051 805 2087 Le
835 2054 964 2097 Mustussc
1000 2051 1090 2086 Dron
1115 2054 1205 2095 prend
1235 2055 1287 2094 fian
1309 2052 1412 2094 origine
1449 2052 1494 2084 des
1522 2053 1671 2095 cartilagcs
1711 2054 1756 2084 ότι
1779 2052 1844 2085 troia

512 2102 642 2135 laniem
668 2103 767 2134 waiet
793 2111 862 2136 com
883 2130 889 2141 ,
920 2103 1085 2146 quelquesots
1111 2104 1144 2132 dc
1171 2103 1241 2133 deux
1258 2102 1418 2142 seulement.
1472 2099 1515 2135 Et
1540 2102 1627 2148 paulu
1667 2100 1752 2147 supra
1799 2106 1843 2134 :m

509 2159 604 2197 partie
637 2155 796 2196 (repatriare
824 2164 926 2184 tvm-re
955 2153 986 2185 la
1008 2158 1102 2194 partie
1118 2152 1276 2193 superficie-c
1301 2153 1344 2183 dei
1380 2159 1447 2184 mm
1475 2154 1607 2185 det-merei
1648 2159 1716 2184 com
1735 2172 1745 2191 ,
1788 2151 1843 2183 elle

512 2212 547 2235 na
569 2213 670 2239 comt
697 2203 862 2248 quelquqm
888 2229 898 2244 ,
937 2212 988 2246 que
1017 2203 1043 2236 le
1069 2202 1138 2237 deux
1164 2202 1299 2238 dcrmsm
1319 2199 1359 2240 ό·
1375 2203 1413 2236 {es
1427 2212 1570 2248 primicres
1588 2204 1621 2236 dc
1639 2202 1742 2244 quch
1758 2208 1839 2235 meet.
