1971 2700
423 214 522 260 'DE
551 215 763 261 BESTIIS
793 214 1056 262 MARINIS.
1312 224 1404 274 355

103 334 174 379 lari
204 333 344 386 vellet,
376 329 587 386 splendente
627 330 703 371 sole
732 330 771 370 in
805 332 936 384 aprico
976 331 1152 378 iacentes.
1185 331 1408 386 posteriores

109 402 279 454 pinnatos
308 395 414 450 pedes
445 395 485 434 in
516 394 636 434 altum
669 395 815 447 erigunt
836 425 847 445 ,
880 407 924 435 ac
953 395 1086 436 eadem
1117 395 1263 436 ratione
1290 398 1410 437 moti-

108 472 210 510 tant‚
230 470 271 501 vt
302 471 405 500 canes
436 457 664 498 blandientes
694 457 850 498 caudam
871 490 882 510 ,
917 459 1040 499 modo
1072 460 1193 499 iacent
1211 460 1250 499 in
1268 460 1376 500 dorso
1395 494 1406 513 ,

109 526 232 567 modo
261 522 496 563 vt-canesin
514 531 647 561 ventre
668 554 678 574 ‚
713 522 833 561 modo
866 522 905 561 in
940 522 1074 562 orbem
1109 524 1301 575 contorti,
1322 536 1411 563 mo-

110 590 163 629 do
203 589 321 628 iacent
351 584 491 625 extensi
524 584 562 624 in
595 597 675 625 vno
706 584 821 624 latere
853 586 1024 638 pinnatos
1058 587 1261 627 anteriores
1301 587 1414 640 pedes

108 651 211 692 lateri
231 650 496 704 apprimentes,
514 656 558 688 vt
576 657 617 688 vt
633 661 725 688 vero
744 648 924 701 profunde
942 650 1136 689 dormiunt
1154 659 1192 689 et
1215 650 1315 690 lente
1339 650 1412 690 ho-

111 727 183 755 mo
202 713 360 764 incedat,
379 712 619 765 praesentiam
641 720 772 751 tamen
792 711 869 751 eius
878 713 954 751 cito
971 711 1200 765 praesagiunt
1217 724 1257 752 et
1275 726 1413 767 exper-¹

109 777 312 831 giscuntur‚
331 776 429 830 quod
439 775 637 815 aunarium
649 807 659 826 ,
678 786 724 813 an
742 775 883 814 aurium
895 775 1034 814 auxilio
1043 776 1256 827 contingat,
1275 776 1412 815 nescio,

227 839 338 882 Senes
392 848 429 879 et
482 837 724 892 praegrandes
781 850 969 890 nunquam
1021 836 1222 878 hominem
1276 839 1418 892 fugiunt:

102 917 229 958 neque
257 912 415 944 cateruas
463 901 669 942 hominum
692 932 703 950 ,
753 899 812 942 sed
845 901 879 940 se
913 901 1038 940 statim
1073 901 1118 941 acl
1155 914 1321 955 pugnam
1357 916 1417 942 ac-

110 970 293 1020 cingunt,
326 965 445 1007 nihilo
478 975 608 1006 tamen
648 965 776 1004 minus
825 964 969 1004 aduerti
1010 965 1168 1017 integras
1216 978 1345 1017 greges
1378 965 1418 1004 in

108 1030 232 1084 filgam
266 1031 394 1081 verti,
425 1029 450 1069 fi
483 1029 564 1082 quis
596 1040 662 1069 ore
695 1026 830 1067 fistulae
865 1026 995 1066 sonum
1030 1028 1194 1068 imitetur
1214 1058 1225 1078 ,
1257 1028 1420 1068 foemel-

108 1093 165 1133 lae
198 1093 391 1144 confestim
426 1091 597 1143 fugiunt,
631 1090 681 1130 ita
712 1100 748 1130 et
779 1091 910 1141 integri
926 1102 1057 1140 greges
1084 1090 1298 1129 adultorum
1319 1090 1419 1129 mul·-

109 1165 217 1208 taque
249 1155 368 1194 millia
398 1155 438 1192 in
472 1166 574 1192 mare
605 1151 799 1203 praecipiti
831 1150 916 1202 suga
948 1159 1127 1202 aguntur,
1161 1151 1188 1191 fi
1221 1152 1335 1193 securi
1367 1165 1417 1194 ex

109 1215 311 1270 improuiso
354 1225 496 1264 magno
539 1213 705 1253 clamore
753 1213 1005 1265 iuuaduntur,
1047 1213 1139 1254 dum
1173 1227 1265 1274 vero
1299 1214 1419 1256 multa

109 1279 224 1320 millia
255 1277 360 1329 saepe
394 1284 480 1316 ante
513 1288 578 1316 nos
611 1276 649 1314 in
681 1288 783 1316 mare
824 1276 966 1328 egimus
985 1306 997 1324 ,
1039 1275 1093 1315 illi
1125 1277 1302 1317 natantes
1324 1290 1418 1318 con-

105 1342 213 1380 tinuo
245 1352 314 1379 nos
345 1338 385 1378 in
419 1337 529 1378 litore
562 1348 691 1379 euntes
723 1339 998 1379 comitabantur
1017 1371 1027 1391 ‚
1058 1351 1127 1380 nos
1159 1341 1342 1382 intuentes
1379 1351 1420 1383 et

106 1403 272 1444 insolitos
302 1402 372 1443 hos
413 1401 577 1455 hospites
619 1402 859 1443 mirabantur.

221 1465 366 1506 Natant
399 1464 494 1505 adeo
527 1466 737 1518 impetuose
762 1499 772 1517 ‚
804 1475 846 1505 vt
881 1478 954 1507 vna
985 1466 1078 1507 hora
1111 1467 1216 1509 facile
1235 1469 1312 1510 duo
1331 1471 1420 1512 mil-

108 1529 208 1570 liaria
239 1529 446 1581 germanica
480 1527 670 1570 absoluere
704 1528 867 1582 possint:
922 1530 948 1570 fi
980 1543 1080 1570 vnco
1119 1533 1155 1571 in
1190 1533 1289 1572 mari
1337 1534 1420 1574 vul-

110 1601 281 1632 nerantur
303 1624 314 1643 ‚
361 1592 539 1643 cymbam
591 1606 666 1634 vna
707 1605 793 1633 cum
826 1594 1064 1633 venatoribus
1105 1602 1186 1635 tam
1220 1596 1348 1648 rapide
1381 1606 1417 1637 et

112 1654 277 1695 celeriter
312 1655 393 1708 post
424 1654 457 1694 se
488 1655 671 1708 trahunt,
704 1664 748 1696 vt
779 1656 918 1707 cymba
953 1657 1080 1697 volare
1113 1658 1284 1698 videatur
1304 1692 1316 1710 ,
1351 1672 1418 1701 nec

113 1711 194 1758 raro
225 1718 361 1768 cymba
400 1718 519 1758 euersa
568 1728 766 1760 venatores
797 1719 1036 1773 submergunt
1054 1753 1064 1772 ,
1119 1722 1186 1761 nisi
1228 1722 1417 1764 nauclerus

113 1780 236 1834 probe
253 1780 357 1819 huius
375 1779 518 1819 cursum
537 1782 735 1834 dirigendo
764 1783 928 1822 obseruet
950 1799 957 1824 :
993 1792 1092 1823 natat
1125 1784 1232 1824 dorso
1252 1788 1383 1838 supino
1404 1820 1415 1840 ‚

113 1844 255 1898 pinnati
288 1842 403 1895 pedes
434 1843 629 1882 anteriores
663 1856 849 1896 nunquam
883 1844 1182 1898 conspiciuntur,
1233 1848 1417 1900 posterio.

113 1919 173 1947 res
203 1917 295 1946 vero
325 1905 509 1944 interdum
542 1916 737 1960 emergunt
767 1919 789 1946 e
823 1909 948 1957 mari,
982 1907 1032 1947 ob
1049 1918 1220 1962 apertum
1248 1909 1417 1957 foramen

114 1971 177 2011 diu
209 1968 270 2008 sub
303 1969 401 2021 aquis
433 1976 624 2009 morantur
644 2002 655 2021 ,
705 1970 814 2010 valde
865 1982 959 2009 vero
991 1973 1168 2011 exantlati
1202 1974 1338 2014 viribus
1370 1978 1417 2019 ad

114 2031 354 2073 hauriendum
388 2043 513 2071 aerem
547 2042 771 2086 emergunt,
803 2033 897 2072 circa
930 2033 1036 2073 litora
1069 2046 1193 2075 autem
1226 2047 1349 2077 natatu
1383 2041 1418 2080 se

116 2095 345 2136 oblectantes
375 2095 495 2134 modo
514 2096 646 2148 proni,
681 2096 802 2136 modo
832 2094 947 2150 supini
981 2106 1104 2137 natant
1123 2130 1134 2148 ,
1167 2110 1235 2138 nec
1267 2102 1419 2153 profun-

107 2158 162 2214 de
195 2157 255 2201 sub
274 2158 391 2214 aquis,
425 2167 470 2199 vt
501 2159 642 2201 cursum
677 2159 881 2200 eorundem
909 2159 1056 2218 semper
1073 2161 1261 2205 obseruare
1281 2177 1417 2219 potue-

670 2222 711 2280 Y
744 2234 769 2277 y
802 2234 828 2263 2
1311 2229 1382 2268 rim
1401 2262 1413 2281 ‚
