<?xml version="1.0" encoding="UTF-8"?>
<!DOCTYPE html PUBLIC "-//W3C//DTD XHTML 1.0 Transitional//EN"
    "http://www.w3.org/TR/xhtml1/DTD/xhtml1-transitional.dtd">
<html xmlns="http://www.w3.org/1999/xhtml" xml:lang="en" lang="en">
 <head>
  <title>
</title>
<meta http-equiv="Content-Type" content="text/html;charset=utf-8" />
  <meta name='ocr-system' content='tesseract 3.04.00' />
  <meta name='ocr-capabilities' content='ocr_page ocr_carea ocr_par ocr_line ocrx_word'/>
</head>
<body>
  <div class='ocr_page' id='page_1' title='image "./novicommentariac02impe_0290.png"; bbox 0 0 1971 2700; ppageno 0'>
   <div class='ocr_carea' id='block_1_1' title="bbox 475 198 1607 257">
    <p class='ocr_par' dir='ltr' id='par_1_1' title="bbox 475 198 1607 257">
     <span class='ocr_line' id='line_1_1' title="bbox 475 198 1607 257; baseline 0.005 -12"><span class='ocrx_word' id='word_1_1' title='bbox 475 216 571 257; x_wconf 76' lang='lat'>254</span> <span class='ocrx_word' id='word_1_2' title='bbox 666 203 749 247; x_wconf 79' lang='lat' dir='ltr'>m:</span> <span class='ocrx_word' id='word_1_3' title='bbox 778 202 1190 249; x_wconf 71' lang='lat' dir='ltr'><em>VEGETAHONE</em></span> <span class='ocrx_word' id='word_1_4' title='bbox 1238 198 1607 251; x_wconf 78' lang='lat' dir='ltr'><em>PLANTARVM</em></span> 
     </span>
    </p>
   </div>
   <div class='ocr_carea' id='block_1_2' title="bbox 471 312 1834 2237">
    <p class='ocr_par' dir='ltr' id='par_1_2' title="bbox 471 312 1834 2237">
     <span class='ocr_line' id='line_1_2' title="bbox 474 312 1798 381; baseline 0.005 -22"><span class='ocrx_word' id='word_1_5' title='bbox 474 312 504 360; x_wconf 91' lang='lat' dir='ltr'>I&#39;</span> <span class='ocrx_word' id='word_1_6' title='bbox 517 320 629 360; x_wconf 84' lang='lat' dir='ltr'><em>avoir</em></span> <span class='ocrx_word' id='word_1_7' title='bbox 650 313 773 372; x_wconf 60' lang='lat' dir='ltr'>finde</span> <span class='ocrx_word' id='word_1_8' title='bbox 803 320 902 363; x_wconf 85' lang='lat' dir='ltr'><em>dans</em></span> <span class='ocrx_word' id='word_1_9' title='bbox 932 320 978 362; x_wconf 81' lang='lat' dir='ltr'>de</span> <span class='ocrx_word' id='word_1_10' title='bbox 1005 319 1122 362; x_wconf 84' lang='lat' dir='ltr'><em>bonne</em></span> <span class='ocrx_word' id='word_1_11' title='bbox 1160 325 1263 362; x_wconf 83' lang='lat' dir='ltr'>terre</span> <span class='ocrx_word' id='word_1_12' title='bbox 1301 321 1423 374; x_wconf 77' lang='lat' dir='ltr'>J&#39;ettez</span> <span class='ocrx_word' id='word_1_13' title='bbox 1458 316 1572 376; x_wconf 73' lang='lat' dir='ltr'><em>deffias</em></span> <span class='ocrx_word' id='word_1_14' title='bbox 1619 318 1798 381; x_wconf 81' lang='lat' dir='ltr'><em>beaucoup</em></span> 
     </span>
     <span class='ocr_line' id='line_1_3' title="bbox 476 380 1801 440; baseline 0.005 -16"><span class='ocrx_word' id='word_1_15' title='bbox 476 383 523 424; x_wconf 87' lang='lat' dir='ltr'>de</span> <span class='ocrx_word' id='word_1_16' title='bbox 556 384 708 426; x_wconf 73' lang='lat' dir='ltr'>ccndres</span> <span class='ocrx_word' id='word_1_17' title='bbox 739 385 786 438; x_wconf 65' lang='lat' dir='ltr'>d?</span> <span class='ocrx_word' id='word_1_18' title='bbox 817 382 923 438; x_wconf 69' lang='lat' dir='ltr'><em>ccffl’s</em></span> <span class='ocrx_word' id='word_1_19' title='bbox 954 384 1000 426; x_wconf 84' lang='lat' dir='ltr'>de</span> <span class='ocrx_word' id='word_1_20' title='bbox 1019 387 1136 440; x_wconf 82' lang='lat' dir='ltr'>jeves</span> <span class='ocrx_word' id='word_1_21' title='bbox 1157 413 1169 434; x_wconf 90' lang='lat'>,</span> <span class='ocrx_word' id='word_1_22' title='bbox 1203 380 1333 439; x_wconf 67' lang='lat' dir='ltr'>enfizite</span> <span class='ocrx_word' id='word_1_23' title='bbox 1365 380 1514 438; x_wconf 75' lang='lat' dir='ltr'>arrosez</span> <span class='ocrx_word' id='word_1_24' title='bbox 1528 384 1568 426; x_wconf 87' lang='lat' dir='ltr'>Ia</span> <span class='ocrx_word' id='word_1_25' title='bbox 1588 391 1690 427; x_wconf 82' lang='lat' dir='ltr'>terre</span> <span class='ocrx_word' id='word_1_26' title='bbox 1706 401 1801 433; x_wconf 78' lang='lat' dir='ltr'>avec</span> 
     </span>
     <span class='ocr_line' id='line_1_4' title="bbox 477 444 1801 505; baseline 0.002 -16"><span class='ocrx_word' id='word_1_27' title='bbox 477 447 523 489; x_wconf 84' lang='lat' dir='ltr'>de</span> <span class='ocrx_word' id='word_1_28' title='bbox 552 447 578 488; x_wconf 90' lang='lat' dir='ltr'>l&#39;</span> <span class='ocrx_word' id='word_1_29' title='bbox 593 444 708 503; x_wconf 73' lang='lat' dir='ltr'>esprit</span> <span class='ocrx_word' id='word_1_30' title='bbox 747 448 798 489; x_wconf 87' lang='lat' dir='ltr'>du</span> <span class='ocrx_word' id='word_1_31' title='bbox 831 452 899 490; x_wconf 69' lang='lat' dir='ltr'>vin</span> <span class='ocrx_word' id='word_1_32' title='bbox 918 477 930 498; x_wconf 91' lang='lat'>‚</span> <span class='ocrx_word' id='word_1_33' title='bbox 983 447 1034 496; x_wconf 59' lang='grc' dir='ltr'><em>ὰ</em></span> <span class='ocrx_word' id='word_1_34' title='bbox 1063 459 1226 490; x_wconf 82' lang='lat' dir='ltr'>couvrez</span> <span class='ocrx_word' id='word_1_35' title='bbox 1274 448 1314 490; x_wconf 84' lang='lat' dir='ltr'>la</span> <span class='ocrx_word' id='word_1_36' title='bbox 1346 448 1427 489; x_wconf 76' lang='lat' dir='ltr'>luen</span> <span class='ocrx_word' id='word_1_37' title='bbox 1480 450 1547 491; x_wconf 85' lang='lat' dir='ltr'>des</span> <span class='ocrx_word' id='word_1_38' title='bbox 1595 449 1738 505; x_wconf 53' lang='lat' dir='ltr'>linger,</span> <span class='ocrx_word' id='word_1_39' title='bbox 1766 451 1801 493; x_wconf 81' lang='lat' dir='ltr'>Ie</span> 
     </span>
     <span class='ocr_line' id='line_1_5' title="bbox 471 507 1806 568; baseline 0.004 -18"><span class='ocrx_word' id='word_1_40' title='bbox 471 512 586 566; x_wconf 82' lang='lat' dir='ltr'><em>perstl</em></span> <span class='ocrx_word' id='word_1_41' title='bbox 610 508 774 566; x_wconf 79' lang='lat' dir='ltr'>pouffera</span> <span class='ocrx_word' id='word_1_42' title='bbox 807 510 908 553; x_wconf 84' lang='lat' dir='ltr'><em>hors·</em></span> <span class='ocrx_word' id='word_1_43' title='bbox 928 511 974 552; x_wconf 86' lang='lat' dir='ltr'>de</span> <span class='ocrx_word' id='word_1_44' title='bbox 1003 518 1104 554; x_wconf 81' lang='lat' dir='ltr'>terre</span> <span class='ocrx_word' id='word_1_45' title='bbox 1135 524 1181 553; x_wconf 86' lang='lat' dir='ltr'>cn</span> <span class='ocrx_word' id='word_1_46' title='bbox 1207 520 1281 568; x_wconf 82' lang='lat' dir='ltr'>peu</span> <span class='ocrx_word' id='word_1_47' title='bbox 1310 507 1506 556; x_wconf 61' lang='lat' dir='ltr'>dhan-es.</span> <span class='ocrx_word' id='word_1_48' title='bbox 1579 513 1725 555; x_wconf 62' lang='lat' dir='ltr'>Nescio</span> <span class='ocrx_word' id='word_1_49' title='bbox 1741 526 1806 556; x_wconf 87' lang='lat' dir='ltr'>au-</span> 
     </span>
     <span class='ocr_line' id='line_1_6' title="bbox 477 574 1806 633; baseline 0.004 -19"><span class='ocrx_word' id='word_1_50' title='bbox 477 585 557 614; x_wconf 88' lang='lat' dir='ltr'>tem</span> <span class='ocrx_word' id='word_1_51' title='bbox 577 607 588 626; x_wconf 91' lang='lat'>‚</span> <span class='ocrx_word' id='word_1_52' title='bbox 622 587 670 615; x_wconf 84' lang='lat' dir='ltr'>an</span> <span class='ocrx_word' id='word_1_53' title='bbox 699 574 895 617; x_wconf 73' lang='lat' dir='ltr'>(iiccedant</span> <span class='ocrx_word' id='word_1_54' title='bbox 929 574 1025 617; x_wconf 84' lang='lat' dir='ltr'>aliae</span> <span class='ocrx_word' id='word_1_55' title='bbox 1073 576 1251 618; x_wconf 73' lang='lat' dir='ltr'>methoai</span> <span class='ocrx_word' id='word_1_56' title='bbox 1270 610 1283 631; x_wconf 86' lang='lat'>‚</span> <span class='ocrx_word' id='word_1_57' title='bbox 1309 579 1446 632; x_wconf 50' lang='lat' dir='ltr'>⁸qualus</span> <span class='ocrx_word' id='word_1_58' title='bbox 1493 577 1547 618; x_wconf 88' lang='lat' dir='ltr'>est</span> <span class='ocrx_word' id='word_1_59' title='bbox 1596 575 1773 620; x_wconf 81' lang='lat' dir='ltr'>Cardani</span> <span class='ocrx_word' id='word_1_60' title='bbox 1792 611 1806 633; x_wconf 87' lang='lat'>,</span> 
     </span>
     <span class='ocr_line' id='line_1_7' title="bbox 476 636 1806 697; baseline 0.005 -19"><span class='ocrx_word' id='word_1_61' title='bbox 476 638 539 692; x_wconf 85' lang='lat' dir='ltr'>qni</span> <span class='ocrx_word' id='word_1_62' title='bbox 559 636 645 680; x_wconf 87' lang='lat' dir='ltr'>Lib.</span> <span class='ocrx_word' id='word_1_63' title='bbox 668 637 774 680; x_wconf 85' lang='lat' dir='ltr'><strong>XIII</strong></span> <span class='ocrx_word' id='word_1_64' title='bbox 796 672 808 691; x_wconf 90' lang='lat'>,</span> <span class='ocrx_word' id='word_1_65' title='bbox 843 654 882 695; x_wconf 83' lang='lat' dir='ltr'>p.</span> <span class='ocrx_word' id='word_1_66' title='bbox 909 650 994 691; x_wconf 80' lang='lat'>513</span> <span class='ocrx_word' id='word_1_67' title='bbox 1010 670 1024 691; x_wconf 91' lang='lat'>‚</span> <span class='ocrx_word' id='word_1_68' title='bbox 1055 641 1102 683; x_wconf 84' lang='lat' dir='ltr'>de</span> <span class='ocrx_word' id='word_1_69' title='bbox 1119 654 1243 684; x_wconf 87' lang='lat' dir='ltr'>rerum</span> <span class='ocrx_word' id='word_1_70' title='bbox 1259 644 1467 692; x_wconf 77' lang='lat' dir='ltr'>varietate,</span> <span class='ocrx_word' id='word_1_71' title='bbox 1500 641 1638 697; x_wconf 64' lang='lat' dir='ltr'>scripsit</span> <span class='ocrx_word' id='word_1_72' title='bbox 1659 658 1666 682; x_wconf 92' lang='lat'>:</span> <span class='ocrx_word' id='word_1_73' title='bbox 1689 643 1806 696; x_wconf 82' lang='lat' dir='ltr'><em>„Fa-</em></span> 
     </span>
     <span class='ocr_line' id='line_1_8' title="bbox 481 702 1807 762; baseline 0.005 -19"><span class='ocrx_word' id='word_1_74' title='bbox 481 702 605 756; x_wconf 87' lang='lat' dir='ltr'><em>„bam</em></span> <span class='ocrx_word' id='word_1_75' title='bbox 634 704 802 762; x_wconf 52' lang='lat' dir='ltr'>referunt</span> <span class='ocrx_word' id='word_1_76' title='bbox 822 737 834 757; x_wconf 89' lang='lat'>,</span> <span class='ocrx_word' id='word_1_77' title='bbox 865 717 989 748; x_wconf 83' lang='lat' dir='ltr'>nouem</span> <span class='ocrx_word' id='word_1_78' title='bbox 1020 706 1143 749; x_wconf 84' lang='lat' dir='ltr'>diebus</span> <span class='ocrx_word' id='word_1_79' title='bbox 1173 707 1342 749; x_wconf 84' lang='lat' dir='ltr'><em>obrutam</em></span> <span class='ocrx_word' id='word_1_80' title='bbox 1373 710 1413 749; x_wconf 85' lang='lat' dir='ltr'>in</span> <span class='ocrx_word' id='word_1_81' title='bbox 1443 706 1515 748; x_wconf 85' lang='lat' dir='ltr'>oleo</span> <span class='ocrx_word' id='word_1_82' title='bbox 1534 741 1546 760; x_wconf 89' lang='lat'>,</span> <span class='ocrx_word' id='word_1_83' title='bbox 1587 709 1807 761; x_wconf 81' lang='lat' dir='ltr'>germinare</span> 
     </span>
     <span class='ocr_line' id='line_1_9' title="bbox 486 767 1807 829; baseline 0.002 -19"><span class='ocrx_word' id='word_1_84' title='bbox 486 768 557 819; x_wconf 75' lang='lat' dir='ltr'>„in</span> <span class='ocrx_word' id='word_1_85' title='bbox 587 767 730 811; x_wconf 82' lang='lat' dir='ltr'>duabus</span> <span class='ocrx_word' id='word_1_86' title='bbox 760 767 866 812; x_wconf 85' lang='lat' dir='ltr'><em>horis</em></span> <span class='ocrx_word' id='word_1_87' title='bbox 887 801 900 822; x_wconf 87' lang='lat'>,</span> <span class='ocrx_word' id='word_1_88' title='bbox 932 774 1136 828; x_wconf 70' lang='lat' dir='ltr'>impositam</span> <span class='ocrx_word' id='word_1_89' title='bbox 1166 774 1258 826; x_wconf 82' lang='lat' dir='ltr'>pani</span> <span class='ocrx_word' id='word_1_90' title='bbox 1298 772 1430 814; x_wconf 83' lang='lat' dir='ltr'>calido.</span> <span class='ocrx_word' id='word_1_91' title='bbox 1444 805 1469 824; x_wconf 84' lang='lat'>„</span> <span class='ocrx_word' id='word_1_92' title='bbox 1534 772 1651 829; x_wconf 66' lang='lat' dir='ltr'>Quod</span> <span class='ocrx_word' id='word_1_93' title='bbox 1701 773 1807 813; x_wconf 81' lang='lat' dir='ltr'>idem</span> 
     </span>
     <span class='ocr_line' id='line_1_10' title="bbox 479 834 1808 892; baseline 0.007 -21"><span class='ocrx_word' id='word_1_94' title='bbox 479 834 612 886; x_wconf 77' lang='lat' dir='ltr'>paullo</span> <span class='ocrx_word' id='word_1_95' title='bbox 644 844 835 874; x_wconf 85' lang='lat' dir='ltr'>mutatum</span> <span class='ocrx_word' id='word_1_96' title='bbox 870 837 1035 877; x_wconf 84' lang='lat' dir='ltr'>occurrit</span> <span class='ocrx_word' id='word_1_97' title='bbox 1072 838 1109 876; x_wconf 87' lang='lat' dir='ltr'>in</span> <span class='ocrx_word' id='word_1_98' title='bbox 1139 836 1309 889; x_wconf 80' lang='lat' dir='ltr'><em>Journal</em></span> <span class='ocrx_word' id='word_1_99' title='bbox 1347 837 1412 878; x_wconf 83' lang='lat' dir='ltr'>des</span> <span class='ocrx_word' id='word_1_100' title='bbox 1444 836 1602 877; x_wconf 77' lang='lat' dir='ltr'><em>Savans</em></span> <span class='ocrx_word' id='word_1_101' title='bbox 1657 840 1778 887; x_wconf 86' lang='lat'><em>1684</em></span> <span class='ocrx_word' id='word_1_102' title='bbox 1797 871 1808 892; x_wconf 90' lang='lat'>,</span> 
     </span>
     <span class='ocr_line' id='line_1_11' title="bbox 479 898 1810 957; baseline 0.007 -22"><span class='ocrx_word' id='word_1_103' title='bbox 479 909 523 950; x_wconf 90' lang='lat' dir='ltr'>p.</span> <span class='ocrx_word' id='word_1_104' title='bbox 564 908 618 946; x_wconf 81' lang='lat'>53</span> <span class='ocrx_word' id='word_1_105' title='bbox 642 931 652 950; x_wconf 91' lang='lat'>,</span> <span class='ocrx_word' id='word_1_106' title='bbox 686 899 751 939; x_wconf 83' lang='lat' dir='ltr'>vbi</span> <span class='ocrx_word' id='word_1_107' title='bbox 781 898 942 940; x_wconf 89' lang='lat' dir='ltr'>dicitur:</span> <span class='ocrx_word' id='word_1_108' title='bbox 976 898 1107 951; x_wconf 87' lang='lat' dir='ltr'>„Pour</span> <span class='ocrx_word' id='word_1_109' title='bbox 1129 903 1244 956; x_wconf 64' lang='grc' dir='ltr'>μένε</span> <span class='ocrx_word' id='word_1_110' title='bbox 1273 899 1377 941; x_wconf 84' lang='lat' dir='ltr'>lever</span> <span class='ocrx_word' id='word_1_111' title='bbox 1409 901 1475 942; x_wconf 87' lang='lat' dir='ltr'>des</span> <span class='ocrx_word' id='word_1_112' title='bbox 1498 904 1615 957; x_wconf 65' lang='lat' dir='ltr'>Jews</span> <span class='ocrx_word' id='word_1_113' title='bbox 1636 932 1646 950; x_wconf 93' lang='lat'>,</span> <span class='ocrx_word' id='word_1_114' title='bbox 1679 901 1810 949; x_wconf 75' lang='lat' dir='ltr'>&amp;des</span> 
     </span>
     <span class='ocr_line' id='line_1_12' title="bbox 485 961 1810 1020; baseline 0.008 -20"><span class='ocrx_word' id='word_1_115' title='bbox 485 963 597 1016; x_wconf 86' lang='lat' dir='ltr'><em>„pois</em></span> <span class='ocrx_word' id='word_1_116' title='bbox 620 994 630 1012; x_wconf 92' lang='lat'>,</span> <span class='ocrx_word' id='word_1_117' title='bbox 664 961 761 1002; x_wconf 87' lang='lat' dir='ltr'><em>dans</em></span> <span class='ocrx_word' id='word_1_118' title='bbox 792 974 861 1002; x_wconf 84' lang='lat' dir='ltr'>une</span> <span class='ocrx_word' id='word_1_119' title='bbox 892 961 932 1004; x_wconf 60' lang='lat' dir='ltr'>ha</span> <span class='ocrx_word' id='word_1_120' title='bbox 941 975 1006 1003; x_wconf 85' lang='lat' dir='ltr'>ure</span> <span class='ocrx_word' id='word_1_121' title='bbox 1026 996 1036 1014; x_wconf 87' lang='lat'>‚</span> <span class='ocrx_word' id='word_1_122' title='bbox 1071 964 1103 1004; x_wconf 90' lang='lat' dir='ltr'>il</span> <span class='ocrx_word' id='word_1_123' title='bbox 1130 977 1174 1003; x_wconf 86' lang='lat' dir='ltr'>ne</span> <span class='ocrx_word' id='word_1_124' title='bbox 1194 966 1294 1020; x_wconf 79' lang='lat' dir='ltr'>Jaut</span> <span class='ocrx_word' id='word_1_125' title='bbox 1313 997 1324 1017; x_wconf 85' lang='lat'>,</span> <span class='ocrx_word' id='word_1_126' title='bbox 1357 976 1424 1018; x_wconf 86' lang='lat' dir='ltr'>que</span> <span class='ocrx_word' id='word_1_127' title='bbox 1457 965 1506 1006; x_wconf 81' lang='lat' dir='ltr'>les</span> <span class='ocrx_word' id='word_1_128' title='bbox 1548 972 1678 1007; x_wconf 78' lang='lat' dir='ltr'>mettre</span> <span class='ocrx_word' id='word_1_129' title='bbox 1712 966 1810 1010; x_wconf 84' lang='lat' dir='ltr'><em>dans</em></span> 
     </span>
     <span class='ocr_line' id='line_1_13' title="bbox 486 1020 1810 1085; baseline 0.005 -20"><span class='ocrx_word' id='word_1_130' title='bbox 486 1026 565 1078; x_wconf 88' lang='lat' dir='ltr'>„de</span> <span class='ocrx_word' id='word_1_131' title='bbox 599 1020 626 1065; x_wconf 86' lang='lat' dir='ltr'>l’</span> <span class='ocrx_word' id='word_1_132' title='bbox 643 1023 740 1066; x_wconf 82' lang='lat' dir='ltr'>huile</span> <span class='ocrx_word' id='word_1_133' title='bbox 756 1024 902 1067; x_wconf 81' lang='lat' dir='ltr'>chaude</span> <span class='ocrx_word' id='word_1_134' title='bbox 929 1028 1094 1083; x_wconf 84' lang='lat' dir='ltr'><em>pendant</em></span> <span class='ocrx_word' id='word_1_135' title='bbox 1125 1041 1152 1077; x_wconf 93' lang='lat'><em>9</em></span> <span class='ocrx_word' id='word_1_136' title='bbox 1177 1028 1303 1081; x_wconf 80' lang='lat' dir='ltr'>jours,</span> <span class='ocrx_word' id='word_1_137' title='bbox 1318 1032 1401 1083; x_wconf 73' lang='lat' dir='ltr'>puis</span> <span class='ocrx_word' id='word_1_138' title='bbox 1428 1028 1480 1070; x_wconf 86' lang='lat' dir='ltr'>les</span> <span class='ocrx_word' id='word_1_139' title='bbox 1503 1031 1616 1085; x_wconf 78' lang='lat' dir='ltr'>jaire</span> <span class='ocrx_word' id='word_1_140' title='bbox 1637 1030 1775 1084; x_wconf 68' lang='lat' dir='ltr'>gris&#39;ler</span> <span class='ocrx_word' id='word_1_141' title='bbox 1796 1062 1810 1085; x_wconf 81' lang='lat'>,</span> 
     </span>
     <span class='ocr_line' id='line_1_14' title="bbox 486 1086 1815 1146; baseline 0.005 -17"><span class='ocrx_word' id='word_1_142' title='bbox 486 1088 570 1141; x_wconf 77' lang='lat'>„&amp;</span> <span class='ocrx_word' id='word_1_143' title='bbox 587 1088 639 1131; x_wconf 82' lang='lat' dir='ltr'>les</span> <span class='ocrx_word' id='word_1_144' title='bbox 645 1086 769 1142; x_wconf 83' lang='lat' dir='ltr'>semer</span> <span class='ocrx_word' id='word_1_145' title='bbox 785 1087 932 1145; x_wconf 79' lang='lat' dir='ltr'><em>ensuite.</em></span> <span class='ocrx_word' id='word_1_146' title='bbox 955 1125 980 1145; x_wconf 88' lang='lat'>„</span> <span class='ocrx_word' id='word_1_147' title='bbox 1013 1090 1208 1146; x_wconf 86' lang='lat' dir='ltr'>Suspendo</span> <span class='ocrx_word' id='word_1_148' title='bbox 1228 1094 1366 1146; x_wconf 54' lang='lat' dir='ltr'>pariter</span> <span class='ocrx_word' id='word_1_149' title='bbox 1390 1093 1568 1134; x_wconf 88' lang='lat' dir='ltr'>iudicium</span> <span class='ocrx_word' id='word_1_150' title='bbox 1613 1106 1747 1135; x_wconf 85' lang='lat' dir='ltr'>meum</span> <span class='ocrx_word' id='word_1_151' title='bbox 1768 1095 1815 1136; x_wconf 88' lang='lat' dir='ltr'>de</span> 
     </span>
     <span class='ocr_line' id='line_1_15' title="bbox 483 1153 1817 1212; baseline 0.003 -18"><span class='ocrx_word' id='word_1_152' title='bbox 483 1153 552 1194; x_wconf 84' lang='lat' dir='ltr'>illo</span> <span class='ocrx_word' id='word_1_153' title='bbox 571 1185 582 1203; x_wconf 88' lang='lat'>,</span> <span class='ocrx_word' id='word_1_154' title='bbox 600 1154 702 1207; x_wconf 87' lang='lat' dir='ltr'>quod</span> <span class='ocrx_word' id='word_1_155' title='bbox 728 1156 892 1196; x_wconf 89' lang='lat' dir='ltr'>occurrit</span> <span class='ocrx_word' id='word_1_156' title='bbox 920 1156 957 1194; x_wconf 88' lang='lat' dir='ltr'>in</span> <span class='ocrx_word' id='word_1_157' title='bbox 987 1157 1109 1195; x_wconf 83' lang='lat' dir='ltr'>diario</span> <span class='ocrx_word' id='word_1_158' title='bbox 1123 1157 1198 1197; x_wconf 80' lang='lat' dir='ltr'>iam</span> <span class='ocrx_word' id='word_1_159' title='bbox 1216 1158 1336 1196; x_wconf 75' lang='lat' dir='ltr'>citato</span> <span class='ocrx_word' id='word_1_160' title='bbox 1359 1161 1470 1206; x_wconf 85' lang='lat'>¹⁶85</span> <span class='ocrx_word' id='word_1_161' title='bbox 1496 1188 1507 1207; x_wconf 93' lang='lat'>‚</span> <span class='ocrx_word' id='word_1_162' title='bbox 1535 1170 1620 1212; x_wconf 79' lang='lat' dir='ltr'>pag.</span> <span class='ocrx_word' id='word_1_163' title='bbox 1652 1171 1708 1209; x_wconf 79' lang='lat'>14</span> <span class='ocrx_word' id='word_1_164' title='bbox 1727 1192 1739 1210; x_wconf 88' lang='lat'>,</span> <span class='ocrx_word' id='word_1_165' title='bbox 1757 1159 1817 1201; x_wconf 85' lang='lat' dir='ltr'>bis</span> 
     </span>
     <span class='ocr_line' id='line_1_16' title="bbox 488 1216 1834 1274; baseline 0.004 -16"><span class='ocrx_word' id='word_1_166' title='bbox 488 1216 640 1258; x_wconf 79' lang='lat' dir='ltr'>verbis:</span> <span class='ocrx_word' id='word_1_167' title='bbox 661 1217 751 1259; x_wconf 85' lang='lat' dir='ltr'>Mr.</span> <span class='ocrx_word' id='word_1_168' title='bbox 792 1217 963 1260; x_wconf 82' lang='lat' dir='ltr'><em>Edmond</em></span> <span class='ocrx_word' id='word_1_169' title='bbox 994 1219 1126 1259; x_wconf 80' lang='lat' dir='ltr'>Wilde</span> <span class='ocrx_word' id='word_1_170' title='bbox 1166 1216 1301 1274; x_wconf 66' lang='lat' dir='ltr'>Jaffoit</span> <span class='ocrx_word' id='word_1_171' title='bbox 1333 1221 1471 1274; x_wconf 71' lang='lat' dir='ltr'>pouller</span> <span class='ocrx_word' id='word_1_172' title='bbox 1502 1221 1604 1261; x_wconf 86' lang='lat' dir='ltr'>dela</span> <span class='ocrx_word' id='word_1_173' title='bbox 1627 1222 1740 1264; x_wconf 74' lang='lat' dir='ltr'>laime</span> <span class='ocrx_word' id='word_1_174' title='bbox 1771 1235 1834 1264; x_wconf 87' lang='lat' dir='ltr'>en-</span> 
     </span>
     <span class='ocr_line' id='line_1_17' title="bbox 489 1278 1818 1338; baseline 0.005 -16"><span class='ocrx_word' id='word_1_175' title='bbox 489 1282 603 1323; x_wconf 84' lang='lat' dir='ltr'><em>moins</em></span> <span class='ocrx_word' id='word_1_176' title='bbox 620 1282 665 1323; x_wconf 84' lang='lat' dir='ltr'>de</span> <span class='ocrx_word' id='word_1_177' title='bbox 687 1295 710 1321; x_wconf 86' lang='lat'>2</span> <span class='ocrx_word' id='word_1_178' title='bbox 733 1281 867 1324; x_wconf 84' lang='lat' dir='ltr'>heures</span> <span class='ocrx_word' id='word_1_179' title='bbox 886 1316 897 1335; x_wconf 89' lang='lat'>,</span> <span class='ocrx_word' id='word_1_180' title='bbox 916 1283 1008 1325; x_wconf 86' lang='lat' dir='ltr'><em>dans</em></span> <span class='ocrx_word' id='word_1_181' title='bbox 1026 1295 1095 1324; x_wconf 84' lang='lat' dir='ltr'>une</span> <span class='ocrx_word' id='word_1_182' title='bbox 1113 1290 1214 1324; x_wconf 74' lang='lat' dir='ltr'>terre</span> <span class='ocrx_word' id='word_1_183' title='bbox 1234 1316 1245 1335; x_wconf 86' lang='lat'>,</span> <span class='ocrx_word' id='word_1_184' title='bbox 1279 1278 1364 1338; x_wconf 74' lang='lat' dir='ltr'>qu&#39;n&#39;</span> <span class='ocrx_word' id='word_1_185' title='bbox 1377 1283 1433 1323; x_wconf 65' lang='lat' dir='ltr'>dit</span> <span class='ocrx_word' id='word_1_186' title='bbox 1462 1285 1571 1324; x_wconf 84' lang='lat' dir='ltr'><em>avoir</em></span> <span class='ocrx_word' id='word_1_187' title='bbox 1603 1287 1664 1325; x_wconf 75' lang='grc' dir='ltr'>έιέ</span> <span class='ocrx_word' id='word_1_188' title='bbox 1703 1299 1724 1323; x_wconf 85' lang='lat'>2</span> <span class='ocrx_word' id='word_1_189' title='bbox 1745 1299 1818 1328; x_wconf 83' lang='lat' dir='ltr'>an-</span> 
     </span>
     <span class='ocr_line' id='line_1_18' title="bbox 487 1346 1820 1404; baseline 0.003 -18"><span class='ocrx_word' id='word_1_190' title='bbox 487 1349 573 1388; x_wconf 63' lang='lat' dir='ltr'>m‘es</span> <span class='ocrx_word' id='word_1_191' title='bbox 591 1347 635 1387; x_wconf 87' lang='lat' dir='ltr'>de</span> <span class='ocrx_word' id='word_1_192' title='bbox 660 1353 778 1401; x_wconf 87' lang='lat' dir='ltr'><em>temps</em></span> <span class='ocrx_word' id='word_1_193' title='bbox 796 1349 822 1388; x_wconf 82' lang='grc' dir='ltr'><em>ὰ</em></span> <span class='ocrx_word' id='word_1_194' title='bbox 843 1355 1043 1402; x_wconf 84' lang='lat' dir='ltr'>preparer.</span> <span class='ocrx_word' id='word_1_195' title='bbox 1087 1347 1233 1404; x_wconf 80' lang='lat' dir='ltr'>Quibus</span> <span class='ocrx_word' id='word_1_196' title='bbox 1268 1359 1422 1387; x_wconf 75' lang='lat' dir='ltr'>vnicum</span> <span class='ocrx_word' id='word_1_197' title='bbox 1447 1346 1524 1386; x_wconf 86' lang='lat' dir='ltr'>hoc</span> <span class='ocrx_word' id='word_1_198' title='bbox 1558 1349 1658 1388; x_wconf 78' lang='lat' dir='ltr'>addo</span> <span class='ocrx_word' id='word_1_199' title='bbox 1678 1380 1689 1398; x_wconf 86' lang='lat'>‚</span> <span class='ocrx_word' id='word_1_200' title='bbox 1714 1350 1820 1402; x_wconf 89' lang='lat' dir='ltr'>quod</span> 
     </span>
     <span class='ocr_line' id='line_1_19' title="bbox 486 1408 1821 1468; baseline 0.004 -18"><span class='ocrx_word' id='word_1_201' title='bbox 486 1408 611 1450; x_wconf 83' lang='lat' dir='ltr'>scribit</span> <span class='ocrx_word' id='word_1_202' title='bbox 649 1410 793 1452; x_wconf 81' lang='lat' dir='ltr'><em>Franci</em></span> <span class='ocrx_word' id='word_1_203' title='bbox 807 1425 841 1452; x_wconf 75' lang='grc' dir='ltr'>ε.</span> <span class='ocrx_word' id='word_1_204' title='bbox 883 1410 1054 1452; x_wconf 85' lang='lat' dir='ltr'>Baconus</span> <span class='ocrx_word' id='word_1_205' title='bbox 1074 1444 1084 1463; x_wconf 92' lang='lat'>‚</span> <span class='ocrx_word' id='word_1_206' title='bbox 1125 1412 1172 1452; x_wconf 87' lang='grc' dir='ltr'>Β.</span> <span class='ocrx_word' id='word_1_207' title='bbox 1194 1412 1239 1451; x_wconf 86' lang='lat' dir='ltr'>de</span> <span class='ocrx_word' id='word_1_208' title='bbox 1278 1408 1319 1450; x_wconf 90' lang='lat' dir='ltr'><em>V</em></span> <span class='ocrx_word' id='word_1_209' title='bbox 1322 1411 1498 1451; x_wconf 50' lang='lat' dir='ltr'>ermanno</span> <span class='ocrx_word' id='word_1_210' title='bbox 1515 1443 1526 1462; x_wconf 89' lang='lat'>,</span> <span class='ocrx_word' id='word_1_211' title='bbox 1567 1413 1604 1451; x_wconf 85' lang='lat' dir='ltr'>in</span> <span class='ocrx_word' id='word_1_212' title='bbox 1645 1410 1821 1468; x_wconf 78' lang='lat' dir='ltr'>historiae</span> 
     </span>
     <span class='ocr_line' id='line_1_20' title="bbox 488 1471 1822 1531; baseline 0.004 -17"><span class='ocrx_word' id='word_1_213' title='bbox 488 1472 675 1516; x_wconf 80' lang='lat' dir='ltr'>naturalis</span> <span class='ocrx_word' id='word_1_214' title='bbox 712 1485 814 1531; x_wconf 65' lang='lat' dir='ltr'>cent.</span> <span class='ocrx_word' id='word_1_215' title='bbox 837 1475 874 1516; x_wconf 96' lang='lat' dir='ltr'>V</span> <span class='ocrx_word' id='word_1_216' title='bbox 894 1507 907 1527; x_wconf 84' lang='lat'>‚</span> <span class='ocrx_word' id='word_1_217' title='bbox 928 1487 1092 1529; x_wconf 85' lang='lat' dir='ltr'>operum</span> <span class='ocrx_word' id='word_1_218' title='bbox 1124 1489 1208 1529; x_wconf 74' lang='lat' dir='ltr'>pag.</span> <span class='ocrx_word' id='word_1_219' title='bbox 1243 1482 1328 1525; x_wconf 85' lang='lat'>840</span> <span class='ocrx_word' id='word_1_220' title='bbox 1354 1492 1361 1516; x_wconf 81' lang='lat'>2</span> <span class='ocrx_word' id='word_1_221' title='bbox 1379 1471 1526 1529; x_wconf 82' lang='lat' dir='ltr'>semina</span> <span class='ocrx_word' id='word_1_222' title='bbox 1563 1483 1756 1516; x_wconf 70' lang='lat' dir='ltr'>macerata</span> <span class='ocrx_word' id='word_1_223' title='bbox 1784 1479 1822 1520; x_wconf 85' lang='lat' dir='ltr'>in</span> 
     </span>
     <span class='ocr_line' id='line_1_21' title="bbox 486 1528 1763 1595; baseline 0.001 -15"><span class='ocrx_word' id='word_1_224' title='bbox 486 1540 574 1581; x_wconf 77' lang='lat' dir='ltr'>vino</span> <span class='ocrx_word' id='word_1_225' title='bbox 591 1537 810 1592; x_wconf 74' lang='lat' dir='ltr'>maluatico,</span> <span class='ocrx_word' id='word_1_226' title='bbox 830 1528 1040 1595; x_wconf 68' lang='lat' dir='ltr'>&#39;spirituque</span> <span class='ocrx_word' id='word_1_227' title='bbox 1072 1541 1182 1592; x_wconf 84' lang='lat' dir='ltr'>vini,</span> <span class='ocrx_word' id='word_1_228' title='bbox 1213 1537 1363 1594; x_wconf 69' lang='lat' dir='ltr'><em>prmfics</em></span> <span class='ocrx_word' id='word_1_229' title='bbox 1398 1552 1466 1580; x_wconf 80' lang='lat' dir='ltr'>non</span> <span class='ocrx_word' id='word_1_230' title='bbox 1508 1548 1763 1581; x_wconf 64' lang='lat' dir='ltr'>arcissterunt.</span> 
     </span>
     <span class='ocr_line' id='line_1_22' title="bbox 607 1602 1823 1661; baseline 0.002 -17"><span class='ocrx_word' id='word_1_231' title='bbox 607 1602 724 1644; x_wconf 88' lang='lat' dir='ltr'>V111.</span> <span class='ocrx_word' id='word_1_232' title='bbox 759 1605 867 1661; x_wconf 80' lang='lat' dir='ltr'>Quae</span> <span class='ocrx_word' id='word_1_233' title='bbox 901 1606 939 1644; x_wconf 91' lang='lat' dir='ltr'>in</span> <span class='ocrx_word' id='word_1_234' title='bbox 973 1605 1165 1658; x_wconf 76' lang='lat' dir='ltr'>experim.</span> <span class='ocrx_word' id='word_1_235' title='bbox 1205 1603 1268 1644; x_wconf 88' lang='lat' dir='ltr'>x1</span> <span class='ocrx_word' id='word_1_236' title='bbox 1304 1604 1441 1644; x_wconf 83' lang='lat' dir='ltr'>adduxi</span> <span class='ocrx_word' id='word_1_237' title='bbox 1491 1604 1538 1643; x_wconf 88' lang='lat' dir='ltr'>de</span> <span class='ocrx_word' id='word_1_238' title='bbox 1583 1607 1823 1657; x_wconf 69' lang='lat' dir='ltr'>wgetatione</span> 
     </span>
     <span class='ocr_line' id='line_1_23' title="bbox 491 1667 1819 1722; baseline 0.004 -15"><span class='ocrx_word' id='word_1_239' title='bbox 491 1667 674 1721; x_wconf 81' lang='lat' dir='ltr'>vnguium</span> <span class='ocrx_word' id='word_1_240' title='bbox 691 1677 803 1722; x_wconf 83' lang='lat' dir='ltr'>atque</span> <span class='ocrx_word' id='word_1_241' title='bbox 837 1668 1061 1722; x_wconf 80' lang='lat' dir='ltr'>capillorum</span> <span class='ocrx_word' id='word_1_242' title='bbox 1081 1701 1091 1718; x_wconf 93' lang='lat'>‚</span> <span class='ocrx_word' id='word_1_243' title='bbox 1128 1669 1226 1710; x_wconf 78' lang='lat' dir='ltr'>haud</span> <span class='ocrx_word' id='word_1_244' title='bbox 1258 1670 1457 1708; x_wconf 82' lang='lat' dir='ltr'>immerito</span> <span class='ocrx_word' id='word_1_245' title='bbox 1495 1668 1565 1707; x_wconf 77' lang='lat' dir='ltr'>huc</span> <span class='ocrx_word' id='word_1_246' title='bbox 1602 1668 1819 1712; x_wconf 67' lang='lat' dir='ltr'>referuntur.</span> 
     </span>
     <span class='ocr_line' id='line_1_24' title="bbox 492 1729 1825 1788; baseline -0.001 -16"><span class='ocrx_word' id='word_1_247' title='bbox 492 1729 716 1773; x_wconf 78' lang='lat' dir='ltr'>Statuendae</span> <span class='ocrx_word' id='word_1_248' title='bbox 731 1734 834 1773; x_wconf 85' lang='lat' dir='ltr'>cuim</span> <span class='ocrx_word' id='word_1_249' title='bbox 857 1732 933 1773; x_wconf 78' lang='lat' dir='ltr'>stint</span> <span class='ocrx_word' id='word_1_250' title='bbox 952 1734 1118 1772; x_wconf 82' lang='lat' dir='ltr'>omnino</span> <span class='ocrx_word' id='word_1_251' title='bbox 1135 1766 1146 1784; x_wconf 92' lang='lat'>‚</span> <span class='ocrx_word' id='word_1_252' title='bbox 1179 1746 1268 1774; x_wconf 86' lang='lat' dir='ltr'>cum</span> <span class='ocrx_word' id='word_1_253' title='bbox 1291 1733 1389 1774; x_wconf 85' lang='lat' dir='ltr'><em>Hon.</em></span> <span class='ocrx_word' id='word_1_254' title='bbox 1415 1732 1542 1784; x_wconf 69' lang='lat' dir='ltr'>Fabtjr</span> <span class='ocrx_word' id='word_1_255' title='bbox 1563 1765 1573 1782; x_wconf 91' lang='lat'>,</span> <span class='ocrx_word' id='word_1_256' title='bbox 1607 1742 1682 1773; x_wconf 67' lang='lat' dir='ltr'>tres</span> <span class='ocrx_word' id='word_1_257' title='bbox 1719 1735 1825 1788; x_wconf 85' lang='lat' dir='ltr'>plan.</span> 
     </span>
     <span class='ocr_line' id='line_1_25' title="bbox 494 1796 1824 1851; baseline 0.006 -17"><span class='ocrx_word' id='word_1_258' title='bbox 494 1805 618 1837; x_wconf 79' lang='lat' dir='ltr'>turum</span> <span class='ocrx_word' id='word_1_259' title='bbox 639 1796 790 1851; x_wconf 79' lang='lat' dir='ltr'>species.</span> <span class='ocrx_word' id='word_1_260' title='bbox 817 1797 941 1838; x_wconf 80' lang='lat' dir='ltr'>Prima</span> <span class='ocrx_word' id='word_1_261' title='bbox 961 1798 1111 1838; x_wconf 71' lang='lat' dir='ltr'>illarum</span> <span class='ocrx_word' id='word_1_262' title='bbox 1125 1831 1135 1848; x_wconf 88' lang='lat'>,</span> <span class='ocrx_word' id='word_1_263' title='bbox 1154 1809 1247 1851; x_wconf 80' lang='lat' dir='ltr'>quae</span> <span class='ocrx_word' id='word_1_264' title='bbox 1265 1797 1433 1837; x_wconf 70' lang='lat' dir='ltr'>crescunt</span> <span class='ocrx_word' id='word_1_265' title='bbox 1451 1808 1500 1836; x_wconf 80' lang='lat' dir='ltr'>cx</span> <span class='ocrx_word' id='word_1_266' title='bbox 1520 1807 1615 1836; x_wconf 76' lang='lat' dir='ltr'>terna</span> <span class='ocrx_word' id='word_1_267' title='bbox 1637 1811 1648 1850; x_wconf 78' lang='lat'>3</span> <span class='ocrx_word' id='word_1_268' title='bbox 1669 1796 1824 1842; x_wconf 77' lang='lat' dir='ltr'>{ecunda</span> 
     </span>
     <span class='ocr_line' id='line_1_26' title="bbox 494 1859 1824 1919; baseline 0.002 -20"><span class='ocrx_word' id='word_1_269' title='bbox 494 1871 626 1901; x_wconf 82' lang='lat' dir='ltr'>eamrn</span> <span class='ocrx_word' id='word_1_270' title='bbox 648 1894 658 1914; x_wconf 89' lang='lat'>,</span> <span class='ocrx_word' id='word_1_271' title='bbox 675 1874 770 1916; x_wconf 82' lang='lat' dir='ltr'>quae</span> <span class='ocrx_word' id='word_1_272' title='bbox 790 1863 953 1903; x_wconf 86' lang='lat' dir='ltr'>crescunt</span> <span class='ocrx_word' id='word_1_273' title='bbox 971 1874 1021 1902; x_wconf 86' lang='lat' dir='ltr'>cx</span> <span class='ocrx_word' id='word_1_274' title='bbox 1043 1862 1178 1915; x_wconf 83' lang='lat' dir='ltr'>plantis</span> <span class='ocrx_word' id='word_1_275' title='bbox 1197 1862 1376 1916; x_wconf 80' lang='lat' dir='ltr'>prioribus</span> <span class='ocrx_word' id='word_1_276' title='bbox 1396 1893 1407 1911; x_wconf 81' lang='lat'>‚</span> <span class='ocrx_word' id='word_1_277' title='bbox 1426 1860 1552 1915; x_wconf 78' lang='lat' dir='ltr'>quales</span> <span class='ocrx_word' id='word_1_278' title='bbox 1578 1859 1656 1901; x_wconf 90' lang='lat' dir='ltr'>sunt</span> <span class='ocrx_word' id='word_1_279' title='bbox 1674 1860 1787 1902; x_wconf 82' lang='lat' dir='ltr'>musci</span> <span class='ocrx_word' id='word_1_280' title='bbox 1810 1878 1824 1919; x_wconf 83' lang='lat'>·‚</span> 
     </span>
     <span class='ocr_line' id='line_1_27' title="bbox 496 1925 1821 1982; baseline 0.002 -19"><span class='ocrx_word' id='word_1_281' title='bbox 496 1925 641 1965; x_wconf 73' lang='lat' dir='ltr'>viscum</span> <span class='ocrx_word' id='word_1_282' title='bbox 669 1956 676 1964; x_wconf 95' lang='lat'>.</span> <span class='ocrx_word' id='word_1_283' title='bbox 695 1927 796 1980; x_wconf 85' lang='lat' dir='ltr'>quod</span> <span class='ocrx_word' id='word_1_284' title='bbox 814 1927 865 1967; x_wconf 85' lang='lat' dir='ltr'>est</span> <span class='ocrx_word' id='word_1_285' title='bbox 884 1926 1008 1968; x_wconf 81' lang='lat' dir='ltr'>frutex</span> <span class='ocrx_word' id='word_1_286' title='bbox 1027 1928 1062 1966; x_wconf 89' lang='lat' dir='ltr'>in</span> <span class='ocrx_word' id='word_1_287' title='bbox 1082 1927 1273 1968; x_wconf 74' lang='lat' dir='ltr'>arboribus</span> <span class='ocrx_word' id='word_1_288' title='bbox 1290 1927 1416 1967; x_wconf 83' lang='lat' dir='ltr'>alienis</span> <span class='ocrx_word' id='word_1_289' title='bbox 1434 1925 1582 1964; x_wconf 79' lang='lat' dir='ltr'>nascens</span> <span class='ocrx_word' id='word_1_290' title='bbox 1599 1934 1634 1962; x_wconf 89' lang='lat' dir='ltr'>et</span> <span class='ocrx_word' id='word_1_291' title='bbox 1660 1926 1784 1966; x_wconf 65' lang='lat' dir='ltr'>xiuens</span> <span class='ocrx_word' id='word_1_292' title='bbox 1807 1941 1821 1982; x_wconf 68' lang='lat'>3</span> 
     </span>
     <span class='ocr_line' id='line_1_28' title="bbox 499 1987 1821 2046; baseline 0.005 -21"><span class='ocrx_word' id='word_1_293' title='bbox 499 1989 602 2028; x_wconf 72' lang='lat' dir='ltr'>teni-‚1</span> <span class='ocrx_word' id='word_1_294' title='bbox 621 1990 781 2044; x_wconf 86' lang='lat' dir='ltr'>denique</span> <span class='ocrx_word' id='word_1_295' title='bbox 802 1991 934 2032; x_wconf 83' lang='lat' dir='ltr'>harum</span> <span class='ocrx_word' id='word_1_296' title='bbox 958 2022 971 2042; x_wconf 87' lang='lat'>,</span> <span class='ocrx_word' id='word_1_297' title='bbox 1007 2005 1100 2044; x_wconf 78' lang='lat' dir='ltr'>quae</span> <span class='ocrx_word' id='word_1_298' title='bbox 1117 1990 1282 2031; x_wconf 87' lang='lat' dir='ltr'>crescunt</span> <span class='ocrx_word' id='word_1_299' title='bbox 1301 1991 1338 2028; x_wconf 91' lang='lat' dir='ltr'>in</span> <span class='ocrx_word' id='word_1_300' title='bbox 1358 1987 1575 2027; x_wconf 73' lang='lat' dir='ltr'>animalibus</span> <span class='ocrx_word' id='word_1_301' title='bbox 1597 2018 1608 2033; x_wconf 77' lang='grc'>,</span> <span class='ocrx_word' id='word_1_302' title='bbox 1647 1990 1701 2028; x_wconf 65' lang='lat' dir='ltr'>vti</span> <span class='ocrx_word' id='word_1_303' title='bbox 1725 1991 1787 2042; x_wconf 84' lang='lat' dir='ltr'>pili</span> <span class='ocrx_word' id='word_1_304' title='bbox 1809 2025 1821 2046; x_wconf 86' lang='lat'>,</span> 
     </span>
     <span class='ocr_line' id='line_1_29' title="bbox 497 2051 1821 2106; baseline 0.002 -17"><span class='ocrx_word' id='word_1_305' title='bbox 497 2062 660 2102; x_wconf 81' lang='lat' dir='ltr'>cornua,</span> <span class='ocrx_word' id='word_1_306' title='bbox 682 2054 852 2106; x_wconf 78' lang='lat' dir='ltr'>plumae,</span> <span class='ocrx_word' id='word_1_307' title='bbox 870 2066 944 2095; x_wconf 89' lang='lat' dir='ltr'>etc.</span> <span class='ocrx_word' id='word_1_308' title='bbox 967 2054 1046 2092; x_wconf 78' lang='lat' dir='ltr'>vid.</span> <span class='ocrx_word' id='word_1_309' title='bbox 1064 2052 1232 2105; x_wconf 79' lang='lat' dir='ltr'>Journal</span> <span class='ocrx_word' id='word_1_310' title='bbox 1242 2051 1468 2093; x_wconf 69' lang='lat' dir='ltr'><em>desSavans</em></span> <span class='ocrx_word' id='word_1_311' title='bbox 1496 2054 1614 2089; x_wconf 82' lang='lat'>1666</span> <span class='ocrx_word' id='word_1_312' title='bbox 1627 2083 1637 2102; x_wconf 89' lang='lat'>,</span> <span class='ocrx_word' id='word_1_313' title='bbox 1658 2067 1694 2106; x_wconf 91' lang='lat' dir='ltr'>p.</span> <span class='ocrx_word' id='word_1_314' title='bbox 1715 2057 1743 2092; x_wconf 88' lang='lat'>6</span> <span class='ocrx_word' id='word_1_315' title='bbox 1751 2068 1772 2096; x_wconf 87' lang='lat'>2</span> <span class='ocrx_word' id='word_1_316' title='bbox 1783 2063 1821 2099; x_wconf 76' lang='grc'>3,</span> 
     </span>
     <span class='ocr_line' id='line_1_30' title="bbox 499 2112 1822 2172; baseline 0.004 -16"><span class='ocrx_word' id='word_1_317' title='bbox 499 2112 564 2156; x_wconf 88' lang='lat' dir='ltr'>Dc</span> <span class='ocrx_word' id='word_1_318' title='bbox 584 2114 748 2167; x_wconf 69' lang='lat' dir='ltr'>pilorum</span> <span class='ocrx_word' id='word_1_319' title='bbox 770 2130 861 2155; x_wconf 84' lang='lat' dir='ltr'>vcro</span> <span class='ocrx_word' id='word_1_320' title='bbox 881 2117 1120 2169; x_wconf 75' lang='lat' dir='ltr'>vegetatione</span> <span class='ocrx_word' id='word_1_321' title='bbox 1143 2116 1242 2168; x_wconf 82' lang='lat' dir='ltr'>plum</span> <span class='ocrx_word' id='word_1_322' title='bbox 1264 2115 1415 2156; x_wconf 76' lang='lat' dir='ltr'>tradidit</span> <span class='ocrx_word' id='word_1_323' title='bbox 1437 2117 1511 2154; x_wconf 73' lang='lat' dir='ltr'>inm</span> <span class='ocrx_word' id='word_1_324' title='bbox 1535 2112 1728 2159; x_wconf 74' lang='lat' dir='ltr'>Marione</span> <span class='ocrx_word' id='word_1_325' title='bbox 1748 2152 1758 2172; x_wconf 90' lang='lat'>,</span> <span class='ocrx_word' id='word_1_326' title='bbox 1783 2125 1822 2161; x_wconf 84' lang='lat' dir='ltr'>in</span> 
     </span>
     <span class='ocr_line' id='line_1_31' title="bbox 502 2176 1776 2237; baseline 0 -14"><span class='ocrx_word' id='word_1_327' title='bbox 502 2179 585 2237; x_wconf 69' lang='lat' dir='ltr'>hist.</span> <span class='ocrx_word' id='word_1_328' title='bbox 608 2179 732 2222; x_wconf 75' lang='lat' dir='ltr'><em>Acad.</em></span> <span class='ocrx_word' id='word_1_329' title='bbox 744 2176 878 2235; x_wconf 69' lang='lat' dir='ltr'>scient.</span> <span class='ocrx_word' id='word_1_330' title='bbox 895 2180 1100 2237; x_wconf 77' lang='lat' dir='ltr'>paristnae</span> <span class='ocrx_word' id='word_1_331' title='bbox 1133 2180 1180 2222; x_wconf 81' lang='lat' dir='ltr'>ad</span> <span class='ocrx_word' id='word_1_332' title='bbox 1213 2192 1353 2222; x_wconf 80' lang='lat' dir='ltr'>aunum</span> <span class='ocrx_word' id='word_1_333' title='bbox 1379 2184 1493 2228; x_wconf 87' lang='lat'>1677</span> <span class='ocrx_word' id='word_1_334' title='bbox 1516 2211 1527 2232; x_wconf 81' lang='lat'>‚</span> <span class='ocrx_word' id='word_1_335' title='bbox 1553 2192 1638 2235; x_wconf 75' lang='lat' dir='ltr'><strong>pag.</strong></span> <span class='ocrx_word' id='word_1_336' title='bbox 1674 2195 1776 2232; x_wconf 87' lang='lat'><strong>2¹9·</strong></span> 
     </span>
    </p>
   </div>
   <div class='ocr_carea' id='block_1_3' title="bbox 1665 2246 1826 2291">
    <p class='ocr_par' dir='ltr' id='par_1_3' title="bbox 1665 2246 1826 2291">
     <span class='ocr_line' id='line_1_32' title="bbox 1665 2246 1826 2291; baseline 0.031 -5"><span class='ocrx_word' id='word_1_337' title='bbox 1665 2246 1826 2291; x_wconf 79' lang='lat' dir='ltr'><strong>ADDI-</strong></span> 
     </span>
    </p>
   </div>
  </div>
 </body>
</html>
