1971 2700
506 242 598 282 312
853 226 935 270 DE
966 219 1193 271 BESTHS
1224 202 1508 270 MAR1N15.'

555 358 558 361 ’
625 339 781 395 Pyioms
812 342 861 382 ita
894 340 1043 396 amplus
1075 349 1114 380 et
1146 338 1310 379 tumidus
1343 345 1452 389 erat,
1485 345 1528 377 vt
1563 333 1690 389 primo
1712 336 1816 382 intui.

504 417 547 449 tu
580 419 652 462 pro
686 405 883 446 ventriculi
935 403 1146 444 iecundario
1177 402 1237 442 seu
1272 401 1420 442 Echino
1455 401 1633 441 haberem
1653 433 1664 453 ,
1696 412 1738 441 ac
1769 405 1818 444 de

509 472 652 512 duobus
694 469 841 521 reliquis
891 466 1118 507 inueniend'is
1163 465 1339 505 sollicitus
1384 463 1494 504 essem
1517 495 1527 514 ,
1569 464 1620 504 ob
1653 464 1691 504 id
1723 465 1823 518 quod

512 532 654 574 animal
687 530 866 571 ruminari
897 531 1091 570 crederem
1110 560 1122 580 ,
1171 527 1311 569 disciffo
1357 536 1482 568 autem
1534 527 1675 580 pyloro
1719 527 1826 568 aliter
1886 569 1890 573 ,

514 595 671 636 edoctus
700 593 750 633 fui
770 626 782 646 ,
831 603 869 632 et
900 603 951 633 ex
983 593 1061 632 eius
1093 591 1266 632 struetum
1299 591 1504 632 ventriculo
1555 591 1662 631 simili
1714 589 1828 644 pylo-

517 671 602 699 mm
634 656 705 697 effe
737 657 933 710 cognomi,
966 667 1059 696 meo
1092 664 1221 696 autem
1239 653 1443 695 infortunio
1460 654 1592 695 accidit
1613 685 1623 704 ‚
1658 663 1702 693 vt
1737 665 1827 694 cum

516 720 742 762 ventriculus
774 732 862 760 cum
897 718 1033 772 hepate
1065 719 1115 759 ob
1148 718 1311 758 nimiam
1345 719 1490 758 molem
1525 718 1647 757 eximi
1689 719 1834 771 integre

520 787 718 839 nequiret,
751 782 911 824 adiuncti
943 781 1090 835 insuper
1109 782 1183 822 mei
1203 781 1248 821 ad
1281 793 1395 822 vnam
1429 781 1562 821 horam
1595 779 1719 820 siltim
1751 780 1832 821 Ta-

518 847 660 898 bacco,
692 847 792 899 quod
824 846 915 886 loco
948 846 1194 899 pecuniarum
1229 854 1327 895 emt,
1361 845 1556 896 conducti,
1590 844 1722 884 laboris
1741 855 1834 897 per-

518 912 606 952 thesi
641 910 802 960 fierent,
839 920 1013 961 pancreas
1043 920 1118 948 vna
1151 919 1241 947 cum
1276 907 1389 948 ductu
1433 907 1497 948 suo
1530 910 1567 948 in
1611 908 1832 948 duodenum

520 976 661 1028 pariter
692 983 734 1012 ac
766 972 897 1012 dustus
928 969 1146 1011 cholidochi
1176 968 1465 1011 discinderentur
1483 1005 1493 1023 ‚
1526 972 1688 1024 cognoui
1707 981 1837 1012 tamen

522 1047 702 1090 pancreas
733 1035 772 1074 in
804 1035 895 1075 dnos
929 1034 1037 1074 lobos
1068 1032 1226 1073 diuisum
1259 1045 1281 1073 e
1316 1033 1443 1074 multis
1485 1035 1564 1075 aliis
1602 1035 1836 1088 grandiuscu-

522 1101 568 1141 lis
597 1098 776 1154 glandulis
804 1097 1010 1137 conflatum
1031 1129 1042 1148 ,
1073 1109 1117 1137 ac
1150 1108 1221 1150 pro
1252 1096 1357 1136 mole
1397 1097 1570 1137 animalis
1619 1108 1838 1150 comparate

524 1165 705 1216 exiguum
739 1161 846 1213 este,
884 1161 1025 1214 quippe
1058 1159 1150 1199 vltra
1184 1173 1227 1208 4.
1249 1159 1401 1212 pollices
1418 1159 1649 1214 longitudine
1676 1173 1752 1201 non
1769 1172 1839 1202 ex-

525 1226 758 1267 tendebatur.

665 1279 840 1327 Intestina
875 1287 910 1326 in
941 1285 1015 1327 hoc
1048 1285 1198 1326 animali
1232 1286 1336 1340 plum
1371 1287 1479 1335 sunt,
1521 1298 1633 1339 quam
1685 1288 1721 1327 in
1756 1287 1839 1328 vno

526 1347 603 1388 alio
635 1350 820 1401 animali,
851 1359 888 1388 et
921 1350 1017 1390 forte
1050 1348 1131 1389 solis
1164 1351 1336 1390 balaenae
1380 1349 1584 1398 intestinis,
1619 1362 1710 1402 quac
1746 1351 1837 1390 liuc-

528 1422 642 1464 vsque
678 1412 857 1466 inspicere
889 1414 1075 1453 noudum
1109 1413 1244 1464 licuit,
1280 1413 1458 1464 minora,
1492 1424 1626 1452 cauum
1661 1414 1837 1453 abdomi-

531 1474 585 1513 nis
616 1485 730 1529 Vsque
764 1476 858 1516 adeo
891 1477 1066 1531 replent,
1102 1486 1144 1516 vt
1177 1478 1266 1516 vtris
1301 1476 1410 1515 instar
1441 1477 1627 1515 tumidum
1664 1487 1700 1515 ct
1733 1475 1838 1515 infla-

532 1547 616 1578 tum
648 1540 837 1580 abdomen
871 1540 911 1579 sit
930 1573 940 1591 ,
966 1539 1055 1579 hinc
1088 1539 1236 1592 quaudo
1254 1537 1425 1592 separatis
1443 1540 1707 1592 integumentis
1731 1550 1839 1579 com-

530 1602 705 1642 munibus
763 1613 799 1642 et
850 1601 1018 1643 musculis
1075 1603 1285 1643 abdominis
1345 1602 1581 1655 peritoncum
1634 1602 1694 1641 vel
1746 1602 1842 1643 laeui

533 1665 688 1706 vulnere
706 1665 900 1718 affligitur,
924 1676 1054 1706 ventus
1079 1679 1166 1706 cum
1201 1666 1263 1705 tali
1285 1665 1388 1706 sibilo
1407 1676 1443 1705 et
1464 1664 1723 1705 modulatione
1741 1665 1840 1719 exit,

533 1728 630 1781 quali
662 1741 712 1769 ex
743 1730 917 1782 aeolipila
950 1728 1065 1780 (olet,
1099 1730 1150 1769 ob
1176 1729 1333 1769 eandem
1362 1730 1480 1769 ctiam
1507 1728 1686 1768 rationem
1715 1738 1843 1770 totum

531 1791 723 1834 abdomen
743 1792 963 1846 peritouaeo
980 1793 1120 1846 duplici
1141 1791 1382 1845 validissimo,
1401 1791 1684 1844 membmnolb,
1703 1804 1847 1833 nemeo

535 1855 580 1895 ad
624 1857 789 1896 intestina
842 1858 1048 1896 coercenda
1099 1856 1321 1896 obducitur:
1380 1856 1618 1910 peritoneum
1672 1855 1719 1896 ab
1767 1854 1845 1898 offe

537 1919 642 1970 pubis
676 1931 787 1973 vsque
817 1921 860 1960 ad
894 1918 1055 1960 ssemum
1089 1921 1267 1973 pertingit
1288 1953 1299 1971 ,
1333 1919 1442 1959 costis
1483 1914 1611 1971 spuriis
1652 1916 1843 1973 vtrimque

536 1982 713 2021 adnatum
736 2015 745 2032 ,
776 1995 797 2021 a
831 1982 959 2037 quibus
992 1984 1136 2036 singulis
1185 1983 1311 2035 singuli
1333 1981 1467 2021 robusti
1495 1982 1661 2021 tendiucs
1689 1982 1724 2022 iu
1744 1981 1843 2023 mul·

537 2051 597 2082 tos
630 2044 839 2084 rectilineos
870 2058 994 2086 ramos
1025 2045 1145 2085 diffusi
1176 2046 1223 2084 ab
1256 2055 1410 2096 vtmqnc
1443 2043 1552 2083 latere
1584 2057 1695 2097 vsquc
1728 2046 1772 2085 ad
1800 2044 1843 2084 li-

535 2116 647 2144 neam
683 2106 804 2145 albam
839 2118 1034 2147 excurrunt
1055 2139 1065 2156 ,
1097 2119 1139 2146 ac
1175 2108 1209 2146 in
1244 2099 1431 2159 superficie*
1469 2107 1674 2160 peritonaci
1719 2117 1843 2148 remo-

534 2167 586 2210 tis
618 2169 786 2212 musculis
817 2171 1032 2213 abdominis
1061 2169 1127 2215 sibi
1159 2169 1326 2214 inuicem
1344 2180 1581 2214 occurrentes
1597 2181 1635 2213 et
1660 2170 1695 2214 sc
1719 2171 1844 2213 secan·

1791 2243 1848 2277 tes
