1971 2700
433 177 516 223 DE
544 174 753 220 BESTIIS
781 174 1046 223 MARINIS.
1301 186 1392 234 389

88 290 323 347 relinquunt,
353 290 381 331 fi
410 289 524 330 nimis
555 289 665 342 longe
697 300 717 328 a
748 287 857 328 litore
890 288 1124 328 recesserint:
1159 298 1267 331 canes
1298 289 1394 331 inte-

88 369 152 398 rea
184 356 270 396 alias
299 354 482 407 inquirunt
500 384 510 403 ,
543 364 637 392 cane
669 351 750 392 viso
779 360 818 391 et
849 350 1053 392 subsistente
1102 352 1199 392 lutra
1250 353 1392 407 pariter

90 420 228 460 timore
258 416 386 458 ooaeta
415 414 564 455 subsistit
603 414 709 468 seque
749 413 937 455 occultare
987 424 1220 468 occupatur,
1269 416 1395 456 donec

90 491 244 522 venator
273 479 424 531 vestigia
466 479 565 518 canis
613 477 764 530 sequens
811 477 927 518 feram
980 477 1174 531 assequitur
1206 486 1245 517 et
1277 478 1363 518 ferit
1381 511 1393 531 ‚

89 545 186 586 adeo
224 543 354 583 intenti
399 541 479 581 sunt
508 540 595 581 huic
642 540 869 591 venationi,
917 550 961 581 vt
994 540 1099 594 fiiepe
1131 553 1178 581 eo
1208 553 1321 594 vsque
1354 542 1393 583 in

91 607 207 661 glacie
239 613 412 660 pergant,
429 614 474 645 vt
507 605 699 644 continens
731 613 837 644 extra
867 603 1108 657 conspectum
1127 604 1181 644 fit.
1234 603 1276 645 Si
1309 604 1393 658 gla-

89 671 165 710 cies
195 681 280 710 cum
312 668 485 721 turbine,
518 667 685 720 procella
725 676 765 706 et
798 667 916 706 multa
949 668 1033 707 niue
1053 699 1064 718 ,
1095 676 1141 707 vt
1173 666 1395 721 plerumque

88 732 204 784 solet,
233 730 452 783 aduehitur,
487 731 640 770 venatio
656 729 820 769 hucdum
839 729 979 780 largior
997 761 1008 781 ,
1042 728 1100 769 sed
1135 738 1173 769 et
1205 730 1398 782 periculo-

90 794 162 835 fior
179 826 190 846 ,
220 795 310 835 dum
341 794 444 834 enim
476 803 672 833 venatores
703 803 772 832 nec
804 791 1008 832 antrorsum
1027 823 1037 842 ‚
1071 802 1139 830 nec
1170 804 1262 844 quae
1308 801 1398 832 ante

90 857 204 911 pedes
236 856 417 897 {oramina
450 857 487 896 in
506 856 624 909 glacie
655 854 726 894 sint
744 886 756 906 ,
788 854 914 894 videre
948 854 1094 907 pofl'unt
1113 885 1125 904 ,
1142 865 1277 893 canem
1298 886 1309 905 ,
1329 861 1393 894 aut

87 931 242 960 coccam
274 918 515 960 solummodo
544 917 734 959 fortunam
766 916 991 969 sequuntur:
1026 929 1105 956 non
1134 917 1211 957 fine
1245 917 1394 971 stupore

87 981 320 1023 audacissima
350 981 443 1024 haec
475 982 632 1022 venatio
664 993 685 1020 e
716 980 934 1020 continente
967 979 1079 1032 aspici
1119 979 1239 1032 potest
1257 1011 1268 1032 ‚
1320 980 1410 1032 gla-·

87 1046 163 1085 cies
190 1057 266 1085 vna
284 1057 375 1085 cum
391 1045 497 1085 vnclis
514 1056 612 1084 mox
627 1044 796 1084 attolitur
813 1074 825 1094 ,
854 1042 977 1082 modo
997 1043 1226 1095 deprimitur.
1238 1074 1264 1094 ,.,
1282 1054 1414 1083 vena«

87 1116 183 1147 tores
201 1119 298 1147 mox
315 1109 354 1147 in
387 1116 539 1159 monte,
570 1107 633 1160 qui
650 1106 750 1145 breui
783 1105 961 1144 conuallis
977 1114 1041 1143 aut
1058 1102 1292 1154 foueaftiitz„
1308 1115 1404 1144 am*-

87 1169 232 1217 bulant,
251 1180 349 1207 mox
381 1170 421 1206 in
439 1170 555 1206 altum
585 1168 765 1205 tolluntur
782 1196 793 1214 ,
828 1176 926 1204 mox
943 1165 1060 1204 oculis
1088 1164 1332 1206 fi15dt'1cuntur
1349 1178 1406 1207 acv

86 1237 313 1282 merguntur.
334 1228 397 1268 Fit
413 1237 541 1268 autem
558 1227 662 1281 fiiepe
694 1227 766 1268 hac
797 1227 942 1267 ratione
976 1228 1141 1268 venatio
1156 1228 1331 1269 facillima
1357 1237 1396 1270 et

84 1291 281 1344 largiffima
300 1323 313 1342 ,
360 1291 451 1331 dum
484 1289 621 1343 glacies
649 1292 687 1331 in
719 1290 828 1330 litore
859 1291 926 1330 diu
953 1289 1141 1330 subsistitzs
1165 1290 1280 1331 lutrae
1327 1292 1397 1332 du·

83 1365 186 1394 rante
218 1353 369 1393 turbine
398 1353 538 1394 nestiae
569 1366 618 1393 an
648 1354 688 1392 in
720 1352 836 1406 glacie
869 1352 933 1392 vel
963 1353 1182 1393 continente
1222 1354 1392 1407 degant,

88 1425 111 1465 5
137 1448 149 1466 ,
183 1428 237 1455 10
258 1447 270 1468 ‚
301 1416 349 1456 ad
387 1427 442 1466 15‘
480 1416 589 1457 stadia
621 1417 658 1456 in
690 1417 949 1456 continentem
1001 1425 1139 1456 exeunt
1158 1447 1170 1467 ,
1215 1418 1392 1458 arborum

85 1487 126 1518 et
157 1478 330 1518 fruticum
379 1480 529 1532 strepitu
580 1479 747 1519 seductae
768 1509 783 1529 ‚
849 1487 1019 1531 putantes
1049 1479 1086 1518 se
1119 1478 1236 1520 versus
1285 1492 1393 1521 mare

85 1552 290 1595 properare
319 1551 356 1582 et
388 1543 503 1583 maris>
531 1542 722 1595 strepitum
753 1540 878 1582 audire
896 1572 907 1592 ,
940 1541 1011 1581 hac
1044 1541 1187 1581 ratione
1204 1554 1298 1582 vnus
1316 1541 1391 1582 fae-

86 1615 137 1658 pe
175 1613 248 1651 30.
283 1616 342 1656 40
374 1614 414 1646 et
444 1605 568 1659 plures
598 1606 766 1656 occidit,
798 1616 840 1644 ac
873 1603 973 1657 pelle
1021 1616 1094 1644 vna
1144 1616 1234 1644 cum
1280 1616 1393 1645 carne

86 1667 240 1719 potitur.
303 1667 412 1708 Dum
444 1668 602 1721 gentiles
629 1668 667 1707 in
700 1667 817 1721 glacie
847 1674 1029 1707 venantur
1061 1675 1266 1708 ventorum
1317 1680 1393 1720 po-

87 1727 268 1768 tiffimum
314 1720 581 1783 circumspee'te
623 1732 812 1771 rationem
844 1729 983 1770 habent
1001 1762 1013 1782 ,
1045 1743 1092 1770 ne
1112 1739 1230 1770 vento
1257 1730 1390 1771 aduer-

85 1791 126 1831 so
157 1792 194 1829 in
225 1802 329 1830 mare
358 1791 559 1831 auehantur
577 1823 589 1840 ,
620 1793 721 1843 quod
756 1791 862 1843 saepe
892 1793 1025 1832 accidit
1043 1824 1055 1842 ,
1087 1805 1158 1832 nec
1190 1806 1274 1833 raro
1300 1805 1391 1833 cum

88 1852 202 1906 glacie
233 1865 304 1906 per
337 1863 361 1900 3
384 1886 395 1904 ,
426 1867 456 1903 4
477 1886 488 1906 ‚
526 1865 547 1902 5
574 1884 585 1904 ‚
618 1856 646 1891 6
679 1854 757 1893 dies
788 1853 827 1892 in
862 1854 956 1892 mari
988 1855 1160 1894 oberrant
1180 1884 1192 1905 ,
1243 1853 1391 1896 flauente

86 1915 228 1956 fortuna
258 1926 296 1955 et
329 1926 449 1956 vento
478 1917 603 1957 denuo
633 1916 862 1957 aduehuntur
892 1925 931 1955 et
964 1914 1046 1956 salui
1064 1918 1101 1957 in
1120 1918 1202 1957 litus
1220 1929 1390 1960 exeunt:

85 1987 206 2018 vento
237 1990 287 2019 ex
319 1977 385 2019 alia
419 1979 523 2032 plaga
557 1979 714 2031 spirante
745 1979 880 2032 glacies
907 1979 1076 2020 auehitur
1094 2012 1105 2031 ,
1146 1980 1172 2021 fi
1204 1982 1320 2021 iuxta·
1343 1982 1387 2022 li-

86 2050 143 2080 tus
162 2073 172 2093 ,
204 2050 396 2082 venatores
428 2044 606 2082 continue
638 2041 799 2095 glaciem
831 2040 1094 2095 prosequuntur
1113 2073 1126 2093 ‚
1159 2043 1249 2083 dum
1285 2045 1388 2084 enim

84 2103 219 2158 glacies
234 2115 301 2159 per
317 2105 420 2147 diem
451 2115 512 2146 aut
543 2105 701 2147 nostem
735 2118 756 2145 a
789 2104 900 2145 litore
933 2105 1101 2147 auehitur
1122 2139 1134 2161 ‚
1174 2115 1234 2147 tot
1264 2108 1387 2147 denuo

84 2164 88 2167 ’
647 2165 682 2208 C
711 2179 732 2208 c
765 2180 786 2209 c
822 2181 847 2219 3
1269 2171 1387 2209 lutrae
