1971 2700
284 172 669 236 VARIATIONIS
700 183 919 231 AVGERI
948 181 1191 231 PoTEsv
1332 206 1419 247 197

112 320 202 350 cum
236 305 328 347 tubo
377 307 498 346 ferreo
536 310 574 343 et
603 310 761 356 argento
794 302 888 342 vivo
921 301 956 342 in
991 313 1085 355 aqua
1117 313 1168 342 ex
1200 303 1346 356 punito
1379 303 1419 346 G

113 372 281 412 sustentat
315 380 352 409 ct
385 381 435 408 ex
472 378 539 406 10.
571 365 684 406 libris.
751 364 919 408 Notetur
951 367 1068 406 etiam
1101 366 1315 421 peripheria
1357 381 1422 409 va-

114 435 159 477 fiS
189 434 249 475 W
270 467 280 486 ,
302 443 451 485 yzon
471 462 482 481 ‚
513 430 580 469 vbi
610 441 725 484 aquae
756 428 966 483 superficies
998 429 1140 470 finitur.

237 501 302 546 18)
333 495 584 547 Imponantur
613 495 674 533 axi
716 494 730 534 i
761 493 853 534 vasis
887 492 948 533 W
969 526 979 546 ‚
1014 493 1181 546 pondera
1229 494 1425 547 cylindrica

114 560 290 614 plumbea
320 558 359 597 in
390 557 521 597 medio
552 555 736 610 perforata
757 590 769 610 ,
817 557 938 597 donec
989 557 1348 611 parallelepipedum
1383 561 1422 600 in

112 624 178 664 fitu
210 619 432 664 horizontali
463 619 654 675 quiescat3
688 620 903 675 peripheria
921 633 955 672 y
973 633 999 661 z
1016 633 1036 661 0
1056 632 1080 661 n
1113 634 1228 675 aquae
1273 622 1427 676 superfi-

66 728 75 737 ‚
114 688 213 728 ciem
245 685 361 727 finiet.
423 681 580 725 Curetur
611 694 656 724 vt
688 697 781 738 aqua
813 683 959 737 semper
991 685 1038 724 ad
1072 684 1169 724 hanc
1196 685 1426 729 altitudinem

112 751 150 790 in
182 750 268 791 cista
298 747 458 802 qualibet
492 748 746 788 obseruatione
779 748 920 800 stagnet
942 759 960 788 ι’
984 756 1133 787 notetur
1165 747 1270 789 simul
1302 749 1426 790 altitu-

114 813 168 854 do
199 811 414 853 Barometri
445 809 623 865 simplicis
643 843 654 863 ‚
685 823 776 865 quae
809 820 896 850 tunc
930 810 1093 850 obtinet.

233 882 306 927 19)
339 874 558 916 Infundatur
590 876 760 927 cylindro
793 874 832 914 A
851 870 886 913 B
917 883 1111 927 argentum
1147 872 1283 916 viuum
1304 909 1315 929 ,
1356 874 1427 918 do-

112 951 184 980 nec
215 938 368 980 altitudo
400 938 504 992 supra
536 937 770 992 superficiem
804 938 979 978 mercurii
1019 939 1058 978 in
1090 939 1297 991 recipiente
1345 936 1429 981 vase

111 1003 430 1057 parallelepipedo
460 1003 500 1042 in
533 1000 755 1042 horizontali
788 1001 855 1041 situ
887 1009 1030 1040 retento
1063 1000 1106 1040 fit
1138 1014 1183 1050 4.
1216 1003 1292 1055 dig.
1319 1002 1355 1042 L
1389 1011 1429 1043 et

114 1071 141 1103 Ξ.
210 1066 408 1122 Quantitas
455 1074 553 1104 certa
595 1064 768 1105 mercurii
799 1065 839 1103 in
872 1075 938 1103 vas
969 1061 1120 1104 DEE
1139 1064 1176 1104 E
1225 1062 1342 1118 fluet,
1392 1074 1431 1106 et

113 1130 371 1182 aequilibrium
406 1128 552 1168 cessabit
582 1129 805 1180 recedetque
838 1125 1199 1180 parallelepipedum
1231 1127 1429 1170 afituho-

111 1192 284 1231 rizontali
335 1199 374 1229 et
406 1190 646 1241 deprimetur.
717 1187 773 1228 Vt
823 1185 937 1227 rursus
971 1189 1007 1227 in
1042 1186 1153 1229 situm
1206 1186 1428 1234 horizonta-

109 1252 186 1292 lem
215 1253 413 1292 reducatur
430 1262 479 1290 ex
498 1250 581 1291 stilo
599 1251 690 1292 vasis
708 1250 769 1292 W
788 1251 956 1305 pondera
976 1251 1058 1292 tolli
1075 1253 1214 1293 debent
1233 1263 1270 1293 et
1288 1253 1424 1297 notari.

227 1313 300 1370 20)
334 1313 562 1355 Subducatur
603 1315 739 1369 aliquid
791 1317 964 1356 mercurii
1000 1329 1050 1357 ex
1081 1318 1170 1357 vase
1203 1314 1319 1371 CB,
1353 1321 1424 1361 do-

110 1391 177 1419 nec
210 1378 527 1432 parallelepipedo
558 1380 595 1418 in
629 1377 698 1420 situ
733 1379 957 1420 horizontali
998 1390 1144 1421 retento
1163 1413 1174 1432 ,
1223 1383 1428 1424 mercurius

109 1442 148 1482 in
180 1442 351 1494 cylindro
386 1444 424 1482 A
443 1440 478 1481 Β
513 1442 619 1495 super
650 1442 884 1496 superficiem
919 1443 1093 1483 mercurii
1127 1445 1163 1484 in
1194 1444 1279 1484 vast:
1329 1447 1424 1487 reci-

111 1506 236 1558 piente
267 1505 304 1545 E
324 1505 357 1546 E
377 1506 412 1546 E
444 1506 490 1546 ad
525 1505 757 1546 altitudinem
791 1507 896 1546 vnius
928 1507 1033 1560 digiti
1069 1516 1108 1546 et
1141 1508 1293 1547 dimidii
1327 1509 1424 1563 stag,-

111 1576 176 1607 net
195 1600 206 1619 ‚
236 1569 443 1621 expelletur
476 1570 677 1610 mercurius
710 1569 756 1610 ab
790 1572 877 1609 a‘e're
910 1569 980 1609 sese
1013 1570 1249 1623 expandente
1274 1581 1323 1610 ex
1341 1585 1429 1625 par·

112 1639 150 1670 te
182 1642 230 1671 ex
262 1629 344 1670 vase
377 1632 412 1672 E
432 1632 466 1673 E
486 1633 521 1673 E
553 1641 589 1673 et
621 1633 820 1687 recipietur
862 1633 1030 1684 cylindro
1063 1632 1154 1673 AB
1175 1666 1186 1686 ‚
1235 1634 1426 1688 parallele-

114 1694 316 1748 pidumque
349 1693 413 1735 fibi
446 1695 617 1736 relictum
648 1696 849 1737 eleuabitur
883 1705 919 1736 et
954 1709 1020 1736 vas
1054 1693 1115 1736 W
1147 1696 1283 1737 sursum
1318 1711 1424 1752 vrge-

113 1757 211 1797 bitur
242 1758 288 1796 ab
319 1770 410 1810 aqua
444 1760 612 1810 potentia
647 1761 807 1812 quadum
832 1790 842 1809 ‚
894 1769 938 1799 vt
970 1759 1084 1799 rursus
1122 1760 1160 1799 in
1204 1761 1313 1800 situm
1353 1761 1425 1801 ho-

113 1820 339 1860 rizontalem
391 1820 581 1860 reducatur
633 1822 769 1861 debent
813 1821 895 1861 stilo
932 1822 1022 1862 vasis
1065 1820 1125 1863 W
1169 1823 1319 1875 imponi
1363 1832 1423 1864 tot

112 1883 226 1922 librae
244 1915 254 1934 ‚
284 1890 375 1935 quot
407 1883 636 1935 requiruntur
668 1886 713 1924 ad
746 1884 1000 1937 aequilibrium
1036 1886 1074 1924 in
1107 1885 1173 1926 fitu
1204 1885 1423 1928 horizonta-

111 1945 139 1985 li
169 1945 441 1986 restituendum.
507 1946 594 1986 Hoc
626 1948 769 1999 pondus
802 1957 963 1987 notetur.

230 2006 302 2062 21)
337 2007 422 2048 Hoc
472 2007 570 2048 fac'to
604 2011 802 2050 mercurius
852 2009 966 2049 rursus
1015 2005 1253 2066 infundatur,
1304 2012 1425 2055 donec

113 2071 223 2111 trium
257 2071 455 2124 digitorum
488 2072 723 2112 altitudinem
744 2105 755 2124 ,
790 2073 968 2113 nimirum
987 2087 1100 2127 quam
1121 2077 1332 2117 obtinuerat
1351 2075 1422 2117 ini-

112 2135 169 2175 tio
202 2143 239 2176 et
256 2134 408 2178 definita
426 2135 476 2177 est
509 2133 568 2192 (n.
596 2135 696 2190 15.)
714 2167 724 2186 ‚
757 2136 924 2178 obtineat
943 2136 1046 2193 super
1069 2139 1299 2195 superficiem
1317 2150 1421 2182 mer-

671 2197 705 2241 B
735 2198 758 2239 b
792 2213 815 2253 3
1325 2203 1418 2243 curii
