1971 2700
542 232 634 275 314
891 219 976 267 DE
1005 216 1217 264 BESTIIS
1246 213 1519 264 MARINffi

540 338 612 380 tale
644 336 882 378 cimmelium
918 335 1122 377 inuenirem
1145 367 1156 388 ,
1187 334 1315 376 inscius
1347 345 1370 373 e
1397 345 1474 387 quo
1501 330 1670 387 hospitio
1685 339 1827 379 venerit
1843 368 1857 391 ‚

539 402 828 457 argumentabar
860 412 914 441 ex
949 399 1150 454 praemiii}
1181 398 1374 440 falsiffimis
1406 397 1588 439 veriss'ima
1625 398 1858 443 conclufione

539 466 629 508 huic
664 465 801 507 insulae
820 464 1038 518 oppositam
1071 463 1144 504 effe
1161 462 1201 504 in
1218 463 1357 504 vicinia
1376 461 1599 504 Americam
1631 462 1745 514 [tunc
1763 473 1860 505 tem·

537 531 644 583 poris
692 530 807 569 enim*
848 528 1033 569 nondum.
1077 527 1186 569 nobis
1217 526 1292 568 visa
1323 537 1403 569 erat
1433 537 1528 567 terra
1581 528 1780 566 continens
1809 527 1860 570 ob

538 593 772 634 autumnales
806 592 1002 644 nebulas}
1031 592 1129 632 ratio
1161 592 1264 645 quod
1296 604 1383 633 curn
1414 594 1499 645 equi
1530 602 1608 631 non
1660 590 1859 632 habeantur

538 657 577 697 in
596 656 1029 707 terri51(amtschatici5,
1062 668 1198 696 verum
1234 657 1275 696 in
1307 655 1509 697 Americae
1529 654 1714 709 partibus,
1732 665 1863 696 excre-

537 731 667 763 menta
711 731 835 766 autem
889 721 1055 762 hucdum
1106 721 1247 774 integra
1296 720 1401 760 allata
1453 718 1552 760 fliiisc
1596 731 1666 759 nec
1714 717 1863 759 diffolu-

537 793 608 839 ta,
641 786 837 828 indubium
871 785 943 826 eise
983 784 1130 838 signum
1173 785 1323 825 vicinae
1361 794 1495 825 terrae.

655 849 780 891 Totus
813 849 1075 890 intestinorum
1106 849 1244 889 traetus
1276 861 1298 889 a
1315 847 1403 902 gula
1436 860 1551 903 vsque
1579 848 1623 890 ad
1657 858 1773 888 anum
1805 845 1864 888 so-

532 912 731 955 lenissime
775 917 993 967 expurgato'
1018 913 1165 966 Augiae
1199 912 1342 952 stabulo
1373 912 1604 954 mensuratus
1626 915 1753 963 5968.
1776 909 1865 966 pol*-

536 977 626 1018 lices
656 977 879 1019 conficiebat
902 1008 914 1028 ,
945 975 1113 1031 adeoque
1143 975 1315 1017 intestina
1350 981 1440 1024 202.
1478 978 1621 1019 vicibus
1669 986 1754 1018 toto
1784 975 1862 1018 an'n

535 1050 666 1084 inante
701 1041 873 1094 longiora
904 1039 998 1081 sunt.
1604 1092 1609 1096 ι

655 1105 930 1147 Merenteriurn
962 1104 1075 1148 valde
1105 1103 1264 1145 ciassiim
1297 1115 1342 1145 ac
1375 1104 1546 1160 pingue,
1596 1104 1728 1147 multis
1758 1103 1866 1159 glan-

530 1168 630 1211 dulis
658 1169 844 1223 iuglandis
873 1176 914 1208 et
931 1167 1076 1220 glandis
1091 1169 1197 1207 mole
1213 1167 1410 1209 obsessum.
1457 1167 1552 1210 Vasa
1571 1168 1690 1210 lactea
1708 1201 1721 1221 ,
1746 1177 1863 1223 aeque

532 1241 578 1274 nc
598 1233 832 1287 lymphatica
851 1263 863 1283 ,
898 1230 982 1271 licet
1014 1230 1215 1272 calentibus
1232 1230 1433 1281 intestinis,
1446 1231 1498 1271 ob
1517 1232 1731 1274 meienterii
1752 1243 1864 1285 prae-

532 1298 682 1351 pinguis
711 1305 752 1336 et
783 1293 888 1336 craffi
920 1295 1154 1349 opacitatem
1186 1293 1378 1335 obieruare
1411 1305 1491 1335 non
1527 1294 1630 1336 licuit
1651 1325 1664 1347 ,
1715 1296 1860 1350 quippe

530 1370 658 1401 venae
691 1358 902 1400 auricularis
949 1358 1058 1412 digiti
1105 1356 1263 1400 craffitie
1315 1356 1430 1398 liuide
1463 1367 1504 1399 et
1535 1357 1692 1400 obscure
1741 1356 1863 1401 saltim

533 1430 782 1478 transparent.
1842 1420 1845 1422 ’

650 1487 824 1528 Pleuram
856 1484 1080 1528 validiffima
1111 1485 1258 1542 duplex
1286 1485 1506 1527 membrana
1544 1484 1731 1526 constituit
1750 1516 1764 1537 ,
1799 1485 1859 1526 in-

530 1559 588 1592 ter
619 1549 720 1592 hanc-
751 1549 933 1592 musculus
970 1562 1068 1592 vnus
1120 1551 1319 1593 continuus
1340 1562 1378 1589 1.
1397 1549 1582 1605 pollicem
1633 1549 1769 1592 cmss‘us
1799 1549 1857 1592 in·

530 1614 731 1667 neriedtus,
767 1615 962 1669 vtrimque
994 1615 1105 1656 latera
1136 1614 1306 1657 obuestit.

648 1679 780 1720 Vesica
811 1679 971 1720 vrinaria
1009 1690 1051 1718 2.
1083 1679 1201 1721 lineas
1231 1676 1627 1730 cmffi,validiffima‚
1659 1677 1768 1719 mole
1785 1676 1858 1720 hu·

530 1753 691 1786 manum
723 1752 839 1798 caput
873 1753 949 1783 non
982 1743 1174 1798 superabat
1193 1776 1205 1796 ,
1237 1755 1281 1784 ac
1314 1741 1450 1785 bubula
1483 1741 1613 1782 minor
1643 1751 1740 1783 erat.

647 1809 791 1862 Aipeia
822 1809 956 1849 arteria
992 1819 1067 1848 non
1100 1818 1152 1848 ex
1181 1806 1323 1848 circulis
1354 1816 1416 1847 aut
1448 1805 1690 1846 fizmicirculss
1715 1804 1861 1848 cartila-

530 1873 647 1927 gineis
670 1872 827 1913 constita
847 1903 858 1922 ,
890 1869 952 1913 scd
970 1870 1141 1913 insolitae
1159 1869 1306 1926 prorfiis
1323 1869 1522 1911 stri'ie'tmae
1548 1879 1639 1910 erat.
1692 1867 1854 1911 Cartila-

532 1947 584 1988 go
618 1948 692 1976 vna
712 1936 891 1977 continua
924 1935 974 1976 est
1007 1935 1045 1975 in
1064 1934 1200 1989 spiram
1220 1944 1397 1975 contorta
1411 1961 1427 1985 ‚-
1455 1942 1537 1972 tam
1557 1932 1724 1985 interne,
1743 1943 1854 1987 quam

532 2009 687 2039 externe
721 2000 843 2041 valida
877 1998 1098 2039 membrana
1132 2000 1354 2040 continente
1401 1994 1581 2036 obuestita
1602 2028 1612 2046 ,
1645 1995 1760 2049 spirae
1791 2007 1851 2037 au-

531 2069 612 2101 tern
655 2063 810 2103 arteriae
844 2062 991 2116 asperae
1024 2073 1101 2101 non
1135 2062 1257 2101 vbiuis
1287 2059 1486 2108 latitudine
1523 2059 1692 2112 aequales
1741 2059 1850 2111 sunt,

528 2121 591 2164 sed
628 2125 665 2164 'in
698 2126 874 2178 aliquibus
912 2123 1009 2165 locis
1055 2123 1256 2177 fiiperiods
1287 2122 1413 2163 circuli
1464 2132 1642 2163 excauata
1694 2135 1760 2163 ora
1794 2123 1851 2163 in-

525 2187 672 2231 Ι’ίῐειείοιιιι
702 2189 830 2234 circuli
862 2188 1081 2246 oppoiitam
1114 2186 1364 2248 eminentiam
1398 2184 1593 2242 gibbosam
1629 2198 1738 2230 oram
1780 2196 1852 2226 ex-

1724 2258 1849 2305 cipit,
