1971 2700
529 143 622 184 370
911 133 992 182 DE
1022 130 1244 179 BEsTns
1278 99 1547 177 amauvis.

522 246 672 304 Capitis
702 249 768 305 pili
802 250 839 292 iu
873 250 1052 291 omnibus
1100 249 1268 291 subiestis
1316 247 1545 290 diuerfiffimi
1586 246 1666 288 sunt
1709 261 1732 291 a
1758 253 1846 303 ⁴relif-

518 316 629 369 quis‚
666 316 704 355 in
736 315 941 356 iunioribus
972 316 1173 368 praecipue
1211 314 1343 355 aestate
1394 313 1480 354 fusci
1514 312 1624 364 sunt,
1676 314 1716 354 in
1748 318 1843 360 adul-

519 379 674 420 tioribus
705 381 789 419 cani
823 389 863 419 et
894 378 970 418 fere
1001 380 1197 432 argentei,
1231 378 1345 419 catuli
1384 378 1555 418 nondum
1577 389 1716 418 annum
1736 379 1845 423 adulti

519 443 692 483 vrsorum
727 443 842 482 fuscos
876 442 970 496 pilos
1003 443 1211 496 obtinent3
1243 453 1368 497 guttur
1402 454 1498 482 vero
1518 443 1660 482 flauum
1682 442 1719 482 in
1739 444 1848 496 pcffi-

518 519 608 546 mae
642 516 754 547 notae
789 507 892 546 lutris
924 506 1047 547 saltim
1089 509 1274 561 reperitur
1294 540 1305 559 ,
1359 520 1452 561 quae
1487 507 1584 561 pilos
1617 518 1697 546 non
1747 508 1847 550 obti-

516 580 610 610 nent
629 603 639 622 ,
659 570 719 612 sed
738 570 956 624 lanuginem
993 570 1112 612 saltim
1129 571 1288 626 crispam
1311 605 1322 623 ,
1348 571 1485 614 fiiscam
1510 605 1520 624 ,
1538 572 1692 611 breuem
1714 604 1725 623 ,
1745 572 1847 614 mol-

516 633 629 675 lem:
665 648 742 676 uon
776 645 1019 689 exportzmtur
1051 648 1072 676 a
1106 636 1410 687 mercatoribus,
1429 635 1490 677 sed
1524 635 1583 676 hic
1604 636 1778 677 locorum
1801 649 1844 677 2.

519 709 560 746 3.
604 700 752 740 rubellis
784 700 999 741 venduntur
1032 710 1071 740 et
1112 713 1134 741 e
1168 701 1366 755 gentilibus
1397 701 1443 741 ad
1477 700 1715 754 pelliciorum
1752 699 1846 742 fim-

517 762 613 804 brias
645 774 824 805 emuntur
843 797 853 816 ,
885 764 1011 819 quales
1043 763 1139 806 sorte
1161 766 1357 820 pleraeque
1376 765 1490 818 pelles
1524 765 1702 805 lutrarum
1722 762 1843 807 Brasi-

509 828 682 870 liensium
713 829 767 869 ob
800 829 965 869 calidum
1000 829 1115 870 clima
1154 831 1264 881 sunt,
1316 842 1385 870 nec
1426 840 1628 884 propterea
1679 830 1846 871 multum

511 893 708 947 gloriofiie.
777 892 839 948 4.)
874 893 988 948 Quod
1019 894 1180 934 caudam
1213 895 1376 934 eiusdem
1410 907 1500 935 cum
1537 893 1692 948 pedibus
1723 894 1849 948 longi-

511 957 648 997 tudinis
681 957 780 997 dicat
799 989 810 1008 ‚
844 957 984 997 indicat
1026 955 1307 999 obseruatorem
1350 957 1635 1012 Marcgrauium
1683 957 1849 1012 fugitiuo

509 1019 630 1062 saltim
664 1023 779 1062 oculo
810 1019 987 1074 aspexisse
1019 1022 1192 1074 animal,
1225 1022 1312 1063 licet
1344 1024 1449 1064 enim
1475 1023 1641 1064 multum
1662 1056 1673 1075 ,
1710 1029 1847 1072 31⁴0ta-

510 1097 602 1126 men
637 1086 794 1138 pollices
826 1086 940 1125 cauda
973 1086 1122 1139 longior
1155 1087 1210 1128 cst
1244 1086 1411 1141 pedibus.

629 1148 829 1202 Postquam
866 1149 946 1188 satis
975 1150 1144 1190 euictum
1181 1161 1275 1203 puto
1325 1150 1463 1191 lutiam
1501 1149 1690 1191 marinam
1726 1149 1847 1192 Kam-

508 1210 726 1253 tschaticam
763 1212 837 1252 esse
878 1211 1039 1254 Lutram
1091 1213 1279 1254 marinam
1332 1211 1547 1254 Brasilicam
1585 1212 1849 1268 Marcgrauii,

509 1278 585 1316 duo
617 1275 818 1331 supersunt.
860 1279 918 1323 1.)
953 1277 1112 1316 Animal
1147 1277 1314 1318 nostrum
1350 1289 1425 1317 non
1457 1277 1526 1318 esse
1557 1277 1741 1318 castorem
1762 1278 1841 1320 hoc

510 1339 592 1381 [atis
624 1341 771 1381 testatur
805 1337 858 1394 a.)
892 1339 992 1394 quod
1027 1339 1200 1381 folliculis
1232 1340 1384 1380 castorei
1429 1341 1670 1394 receptaculis
1689 1351 1843 1394 careat,

510 1403 567 1459 b.)
602 1406 759 1446 caudam
797 1403 957 1458 pilosam
1013 1404 1206 1458 angustam
1251 1403 1361 1443 instar
1412 1403 1530 1444 lutrae
1581 1404 1754 1444 obtineat
1787 1404 1843 1460 c.)

507 1470 681 1510 dentium
717 1469 839 1511 forma
871 1480 912 1510 et
946 1469 1031 1510 situs
1061 1467 1118 1524 d.)
1155 1468 1418 1509 intestinorum
1470 1469 1606 1509 forma.
1644 1467 1702 1525 2.)
1757 1468 1843 1510 Effe

506 1533 584 1575 hoc
616 1534 757 1574 animal
792 1534 962 1575 nostrum
1010 1535 1215 1588 genuinam
1266 1535 1384 1575 lutrae
1433 1531 1595 1588 speciem
1617 1565 1629 1586 ,
1678 1544 1730 1575 ex
1762 1532 1840 1589 ipsa

504 1597 756 1652 descriptione
790 1598 991 1641 clarissime
1025 1598 1183 1652 patebit.
1709 1646 1713 1649 ¹

626 1663 889 1716 Magnitudine
940 1663 1036 1703 lutra
1090 1663 1234 1703 marina
1276 1671 1316 1702 et
1351 1661 1486 1702 lutram
1521 1673 1702 1716 aquarum
1755 1662 1840 1704 dul-

504 1728 607 1769 cium
661 1738 699 1768 et
752 1728 937 1768 castorem
979 1727 1144 1768 multum
1195 1725 1338 1781 superat
1359 1759 1370 1777 ,
1421 1727 1617 1767 maximae
1670 1728 1838 1780 pondere

506 1805 581 1832 vna
613 1805 700 1834 cum
736 1792 947 1833 interraneis
980 1801 1052 1839 70.
1086 1791 1132 1832 ad
1172 1797 1243 1832 80.
1278 1791 1389 1832 libras
1439 1791 1615 1844 pendent.
1694 1791 1838 1833 Forma

503 1859 675 1911 corporis
708 1857 824 1897 lutrae
857 1856 985 1897 similis
1017 1856 1071 1896 est
1091 1887 1103 1906 ‚
1140 1855 1306 1898 multum
1341 1866 1468 1896 autem
1519 1853 1700 1908 crassior,
1752 1857 1837 1898 imo

503 1921 687 1962 castorem
724 1921 879 1961 crassitie
914 1920 1197 1974 propemodum
1232 1921 1364 1961 vincit.

624 1984 749 2037 Caput
785 1986 927 2025 lutrino
963 1984 1082 2024 simile
1104 2017 1114 2034 ,
1149 1983 1265 2024 felino
1299 1981 1549 2035 produtstius,
1583 1984 1719 2024 canino
1748 1984 1835 2026 bre-

504 2048 588 2088 vius
621 2058 658 2088 ct
692 2050 883 2088 rotundius
903 2081 912 2098 ,
945 2060 1048 2087 nares
1078 2049 1305 2096 aterrimae,
1339 2045 1488 2098 glabrae
1508 2079 1517 2097 ,
1550 2047 1728 2101 rugosae,
1763 2061 1832 2089 co-

504 2111 636 2154 lumna
670 2112 904 2166 cartilaginea
938 2111 1158 2167 interseptae
1182 2143 1192 2164 ,
1210 2109 1515 2167 protuberantes,
1536 2121 1577 2152 vt
1609 2113 1647 2153 iu
1682 2113 1833 2154 canibus

1667 2175 1827 2233 mopsis.
