1971 2700
318 160 690 210 VARIAHONIS
726 158 948 206 AVGERI
982 157 1209 218 POTEST
1361 177 1445 217 195

140 286 270 325 obices
287 296 321 324 m
352 292 390 322 et
420 281 462 334 l,
511 280 562 320 ita
593 286 636 318 vt
667 275 1031 337 parallelepipedum
1064 277 1135 318 vix
1167 277 1305 321 lineam
1330 292 1352 320 a
1384 283 1452 324 situ

139 361 228 389 cum
265 347 379 388 fundo
410 344 502 386 vafis
529 340 707 395 parallelo
739 342 911 383 recedere
948 340 1074 398 possit.

260 409 303 467 5)
336 406 576 451 Extremitati
611 405 943 461 parallelepipedali
973 405 1053 447 FH
1090 404 1449 462 parallelepipedum

141 475 238 520 aliud
273 472 522 515 orichalceum
550 476 580 525 p
612 480 638 523 q
669 470 809 523 pariter
841 482 978 512 cauum
1011 469 1215 512 altitudinis
1247 471 1357 513 vnius
1388 485 1450 527 pe

142 541 196 582 dis
228 549 267 579 et
297 545 451 593 quatuor
483 534 691 589 digitorum
743 533 944 576 ferrumine
993 535 1190 590 adaptetur
1221 536 1452 595 normaliter.

142 601 198 643 Sit
228 602 303 643 hoc
335 597 694 654 parallelepipedum
729 597 902 639 similiter
935 599 1096 652 aequalis
1147 599 1338 652 grauitatis
1367 599 1455 658 spe-

142 666 269 708 cificae
301 664 416 704 ferme
447 674 534 702 cum
566 674 673 715 aqua.

257 726 303 784 6)
334 727 397 768 Ex
429 739 454 782 q
486 736 510 766 r
543 726 705 779 pendeat
736 737 785 766 ex
818 724 887 767 filo
916 727 1017 767 tenui
1050 725 1253 779 plumbum
1273 729 1453 772 conicum

142 792 337 833 secundum
370 791 468 832 cuius
501 788 760 829 detectionem
812 788 895 830 fitus
926 788 1176 830 horizontalis
1223 790 1456 846 parallelepi-

145 856 234 910 pedi
267 855 298 896 F
332 854 367 894 H
400 867 468 908 per
502 851 671 894 fenestras
704 850 769 907 (n.
793 851 869 908 2.)
904 851 1177 906 cognoscatur,
1210 851 1238 892 fi
1271 866 1372 908 apex
1390 867 1455 896 co-

142 921 181 960 ni
212 918 377 973 plumbei
405 916 537 959 exacte
569 917 768 958 immineat
799 916 881 958 stilo
899 949 910 970 ‚
943 915 1298 971 perpendiculariter
1324 918 1370 963 ad
1384 932 1456 976 pa-

140 982 444 1036 tallelepipedum
479 981 509 1020 F
543 979 581 1019 H
615 980 782 1020 firmam.

254 1052 299 1097 7)
331 1045 495 1097 Aptetur
528 1042 574 1082 ad
610 1041 963 1096 parallelepipedum
997 1051 1037 1084 et
1069 1042 1244 1085 firmetur
1267 1044 1457 1097 cylindrus

144 1109 280 1149 vitreus
341 1119 450 1148 cauus
515 1107 555 1146 A
588 1104 623 1145 B
688 1114 729 1146 et
792 1106 1002 1145 obducatur
1076 1106 1216 1147 lamina
1297 1109 1457 1151 orichal-

142 1184 219 1211 cea.
302 1167 434 1209 Sestio
465 1168 636 1207 cauitatis
668 1167 713 1206 ad
745 1167 835 1206 axin
867 1168 1050 1207 normalis
1090 1169 1133 1208 sit
1183 1164 1233 1220 4¹¹
1255 1178 1284 1209 t]
1327 1181 1366 1212 et
1400 1172 1454 1214 al-

85 1230 87 1232 ’
139 1232 261 1273 titudo
291 1231 452 1283 quinque
484 1228 701 1281 digitorum.
765 1226 922 1271 Desinat
962 1230 1002 1270 in
1036 1230 1172 1278 tubum
1214 1234 1453 1288 graciliorem

136 1307 165 1336 a
195 1293 233 1335 b.
297 1293 396 1334 Axis
443 1291 602 1344 cylindri
634 1300 673 1332 et
705 1291 784 1334 tubi
819 1292 1027 1347 gracilioris
1076 1308 1145 1351 per
1175 1298 1268 1339 axin
1299 1297 1322 1340 k
1353 1307 1454 1341 tran·

138 1357 208 1419 seat
237 1366 276 1398 et
305 1357 353 1398 ad
386 1355 736 1410 parallelepipedem
770 1356 803 1397 F
837 1356 876 1396 H
908 1358 1090 1400 normalis
1123 1360 1178 1402 fit.

259 1426 301 1473 8)
336 1417 592 1473 Coniungatur
632 1419 729 1460 circa
758 1419 913 1461 fundum
963 1422 1124 1473 cylindri
1174 1425 1284 1466 tubus
1314 1425 1453 1470 vitreus

142 1484 282 1537 pariter
332 1482 473 1525 lamina
519 1482 728 1524 orichalcea
759 1484 942 1526 obductus
981 1483 1015 1525 B
1035 1484 1108 1538 D,
1161 1490 1260 1529 cuius
1292 1492 1455 1533 cauitatis

142 1547 324 1588 diameter
355 1547 400 1588 ad
433 1545 522 1588 axin
555 1546 737 1588 normalis
768 1547 813 1588 fit
844 1549 952 1588 vnius
981 1549 1100 1590 lineae
1133 1560 1173 1590 et
1202 1552 1381 1592 dimidiae
1415 1565 1455 1595 et

142 1611 241 1651 cuius
273 1610 468 1662 longitudo
500 1609 647 1652 finiatur
678 1611 718 1650 in
748 1611 892 1665 punito
909 1611 953 1653 D
972 1645 983 1665 ,
1016 1613 1116 1665 quod
1144 1626 1165 1654 a
1184 1614 1206 1656 k
1226 1609 1306 1667 30⁰
1323 1614 1451 1660 Lond.

142 1673 262 1714 distet.
327 1673 509 1715 Excurtat
539 1673 604 1714 hic
638 1673 745 1715 tubus
776 1673 972 1718 secundum
1008 1677 1262 1721 directionem
1297 1680 1453 1735 paralle

142 1736 224 1777 lam
255 1749 346 1776 cum
377 1737 690 1791 parallelepipedo
721 1737 752 1778 F
770 1738 822 1779 H

260 1797 304 1854 9)
340 1796 595 1851 Coniungatur
628 1811 718 1839 cum
748 1783 988 1844 extremitate
1019 1804 1100 1844 tubi
1132 1804 1299 1859 descripti
1336 1807 1455 1859 cylin-

146 1865 231 1905 drus
261 1875 373 1902 cauus
397 1861 529 1902 terreus
545 1860 733 1903 orichalco
749 1873 855 1905 extus
878 1867 1062 1908 obductus
1079 1867 1116 1908 E
1132 1868 1191 1917 E,
1211 1871 1314 1910 cuius
1328 1868 1456 1914 fundus

147 1925 446 1980 parallelepipedi
479 1924 681 1978 superficiei
712 1923 886 1979 superiori
918 1929 1146 1981 exactissime
1178 1932 1371 1986 parallelus
1397 1935 1452 1977 fit.

145 1990 205 2031 Sit
236 1992 267 2030 se
274 1990 346 2030 flio
377 1988 591 2041 capacitatis
637 1989 797 2040 cylindri
829 1992 874 2031 ad
908 1994 996 2033 axin
1047 1995 1225 2036 normalis
1255 1991 1336 2049 64¹‘
1353 2006 1384 2037 c]
1417 2009 1456 2041 et

146 2054 303 2095 altitudo
332 2062 487 2107 quatuor
517 2051 735 2111 linearum,
769 2065 905 2107 margo
937 2057 1099 2107 cylindri
1137 2058 1277 2100 habeat
1321 2061 1454 2102 incisu-

148 2130 231 2159 ram
249 2150 262 2171 ,
293 2128 385 2172 quae
416 2117 599 2173 recipere,
596 2114 726 2217 poili}
735 2129 871 2219 boram
886 2130 1093 2174 campanae
1110 2126 1257 2164 vitreae
1291 2125 1421 2168 EE
1384 2138 1453 2179 ιι,

796 2191 821 2218 2
1357 2189 1452 2228 cuits
