1971 2700
255 221 343 269 EX
346 219 647 268 PERIMENT
646 219 688 266 A
729 215 810 263 ΕΤ
847 217 1268 268 CONSECTARIA.
1355 239 1438 277 24¹

140 336 293 394 syringis
311 372 323 391 ,
371 348 413 379 vt
444 346 583 390 nempe
602 367 613 387 ,
664 334 693 376 fi
733 333 812 375 fieri
860 333 981 388 posset
999 366 1011 387 ,
1060 334 1231 389 germina
1276 334 1446 390 pisorum

139 403 238 458 quasi
270 402 465 443 inuitarem
483 431 496 452 ‚
528 407 572 439 vt
603 409 674 452 per
706 397 889 439 foramina
922 397 1014 439 haec
1066 399 1283 452 prodirent,
1332 401 1446 441 adeo-

139 480 211 520 que
242 465 408 506 deorfiim
442 461 642 503 crescerent
660 494 670 513 ,
704 470 743 502 et
772 461 952 503 radiculae
1001 460 1150 504 [ursum.
1230 460 1305 504 Sed
1336 464 1446 506 omni

137 530 212 570 hoc
243 537 376 570 conatu
409 525 506 567 nihil
537 525 658 566 effeci.
729 525 838 567 Nam
888 524 1009 580 elapso
1057 526 1181 566 triduo
1211 525 1249 566 in
1281 536 1444 581 Vtroque

135 592 315 634 foramine
343 597 583 644 apparuerunt
614 589 736 643 apices
765 589 1007 630 radicularum
1028 622 1038 641 ,
1075 587 1202 644 vegeti
1237 592 1411 644 primum
1431 624 1442 643 ‚

135 655 195 696 sed
227 654 430 708 insequenti
461 652 521 693 die
554 651 629 692 iam
661 653 816 694 marcidi
847 662 956 706 atque
972 652 1176 694 demortui.
1245 653 1442 708 Exempta

135 727 287 773 vtraque
318 716 476 772 plantula
507 715 742 769 deprehendi
774 716 851 769 pisa
883 715 1042 756 arelasta
1063 746 1075 766 ‚
1109 724 1147 756 et
1178 719 1349 770 germina
1366 720 1436 758 lur-

133 781 216 823 sum
263 780 382 822 versus
412 777 446 820 C
463 775 503 820 G
551 779 694 821 diresta
740 779 880 833 pariter
923 778 1138 833 exsiccata·‚
1188 788 1343 835 Vtraque
1375 782 1437 822 in-

132 843 241 902 super
269 843 426 887 radicula
457 855 592 900 parum
624 842 853 886 adhaerentis
882 850 1001 884 terrae
1032 842 1195 885 tenebat.

476 970 950 1051 Experimentum
990 967 1092 1027 XI.

246 1088 376 1132 Liceat
389 1120 392 1121 ν
406 1089 482 1131 huc
514 1088 648 1131 referre
678 1088 959 1142 vegetationem
995 1086 1161 1139 partium
1202 1088 1436 1141 quarundam

127 1151 345 1194 animalium
366 1185 376 1204 ,
416 1152 529 1193 veluti
578 1153 761 1205 vnguium
791 1160 829 1190 et
860 1148 1112 1203 capillorum,
1162 1162 1327 1202 quorum
1378 1151 1434 1191 in-

124 1224 316 1254 crementa
348 1215 509 1267 sequenti
539 1214 659 1253 modo
674 1212 857 1265 indagaui.
922 1212 1041 1251 Anno
1072 1218 1211 1264 1738,
1231 1214 1293 1255 die
1316 1214 1438 1268 Apri-

127 1276 171 1316 lis
203 1278 261 1327 6,
301 1276 345 1316 st.
396 1287 436 1315 v.
489 1276 529 1316 in
580 1276 700 1329 digito
739 1274 909 1315 minimo
958 1273 1021 1314 vel
1067 1275 1259 1318 auriculari
1305 1289 1437 1320 manus

123 1349 233 1378 meae
263 1338 421 1380 sinistrae
452 1338 593 1392 fignaui
631 1351 796 1392 vnguem
847 1338 949 1379 tenui
997 1337 1090 1380 lima
1121 1351 1172 1380 eo
1204 1339 1293 1382 loco
1309 1374 1322 1394 ,
1354 1352 1433 1396 quo

120 1401 292 1454 primum
326 1415 348 1444 a
392 1411 479 1443 cute
520 1402 767 1457 relinquitur3
806 1409 895 1442 tunc
915 1435 927 1455 ‚
975 1402 1153 1443 consueto
1199 1416 1311 1444 more
1360 1416 1435 1444 vn·

121 1475 234 1515 guem
265 1465 370 1506 illum
403 1466 657 1520 praecidendo
674 1498 686 1517 ‚
716 1466 797 1506 vidi
829 1464 973 1519 signum
1006 1464 1082 1505 hoc
1112 1466 1316 1507 continuo·
1348 1478 1433 1507 ver-

121 1525 176 1565 sus
207 1529 390 1570 anteriora
422 1530 621 1584 protrudi,
654 1530 775 1570 donec
807 1529 959 1570 tandem
991 1528 1090 1568 Iunii
1122 1528 1185 1570 die
1206 1537 1262 1573 28
1284 1563 1295 1583 ,
1313 1530 1433 1570 adeo-

122 1601 195 1641 que
227 1591 309 1642 post
345 1598 393 1634 81
431 1593 510 1634 dies
528 1626 539 1646 ‚
570 1593 706 1634 vltima
735 1593 842 1633 huius
873 1592 1007 1646 vnguis
1039 1592 1236 1646 attingeret
1284 1601 1324 1633 et
1367 1593 1431 1633 ab·

122 1651 352 1696 scinderetur.
415 1655 636 1710 Longitudo
655 1663 783 1697 autem
802 1654 909 1696 huius
941 1654 1074 1709 vnguis
1092 1687 1104 1708 ,
1136 1668 1250 1709 quam
1284 1656 1431 1710 signum

122 1714 214 1754 lima
246 1715 384 1758 factum
426 1720 566 1760 interea
616 1720 812 1761 crescendo
861 1719 1038 1773 percurrit
1057 1752 1069 1771 ‚
1117 1728 1197 1759 erat
1228 1727 1247 1770 *ὃ
1283 1720 1432 1773 pollicis

122 1777 278 1817 rhenani
325 1781 603 1822 duodecimalis.
668 1781 859 1836 Capillum
892 1794 988 1823 vero
1025 1781 1234 1824 humanum
1254 1815 1266 1835 ,
1314 1782 1431 1835 capiti

122 1853 197 1880 vna
228 1853 314 1882 cum
347 1843 467 1883 radice
499 1843 556 1884 sua
588 1844 751 1885 euulsum
800 1852 838 1884 et
888 1857 1004 1898 aquae
1037 1857 1150 1897 purae
1181 1847 1228 1885 ita
1272 1845 1428 1898 imposi-

122 1914 206 1944 tum
229 1935 239 1955 ‚
272 1914 316 1944 vt
345 1907 452 1945 radix
483 1907 521 1946 in
554 1919 647 1960 aqua
679 1907 765 1948 esset
783 1939 794 1958 ,
825 1906 982 1948 alterurn
1034 1917 1160 1948 autem
1210 1916 1427 1949 extremum

121 1966 224 2021 supra
257 1969 469 2022 marginem
510 1969 634 2010 calicis
680 1970 942 2023 promineret,
992 1970 1144 2011 austum
1194 1969 1427 2023 longitudine

120 2029 179 2070 sua
208 2029 392 2072 obseruaui
424 2040 528 2085 parte
561 2032 708 2073 decima
740 2032 833 2072 dicti
863 2032 1036 2086 pollicis,
1069 2044 1244 2088 tempore
1266 2046 1322 2084 14
1346 2035 1425 2075 die-

120 2106 202 2134 rum
226 2126 237 2146 ,
271 2095 393 2135 mense
422 2094 534 2135 Iunio
564 2097 648 2136 anni
684 2104 814 2145 1743.
881 2095 1054 2136 Absoluit
1085 2097 1195 2150 igitur
1226 2096 1426 2139 crescendo

120 2158 278 2209 Vnguis,
312 2158 351 2198 in
385 2167 563 2211 tempore
600 2165 648 2201 81
686 2159 863 2215 dierum,
896 2166 911 2210 ξ
944 2159 1035 2212 poll.
1070 2159 1222 2217 capillus
1250 2172 1343 2202 vero
1386 2161 1422 2200 in

178 2220 300 2262 Tom.
323 2220 376 2263 ΙΙ.
396 2221 502 2264 Nou.
523 2220 743 2265 Comment.
925 2222 964 2264 H
997 2221 1024 2266 h
1283 2223 1420 2264 eodem
