1971 2700
264 219 270 225 ·
318 190 678 237 ATMOMETRI
705 188 895 234 CONST
890 191 971 239 RV
969 187 1101 238 CT10
1117 201 1203 241 ,cea
1345 215 1363 240 1
1375 213 1431 250 27

139 316 279 363 quartas
310 315 430 360 partes
459 306 575 347 lineae
610 303 723 345 diuisa
756 312 795 346 et
828 303 941 347 index
974 318 1013 348 w
1030 301 1071 348 Z
1094 319 1147 350 ex
1185 306 1340 350 obuerso
1371 309 1434 352 fir-

140 374 249 413 mari.
586 368 593 371 ⁴

253 433 297 490 7)
331 432 552 477 Notandum
586 443 700 484 porro
732 431 784 473 est
804 465 815 484 ,
857 432 1099 475 decremento
1148 443 1255 477 tanto
1304 435 1406 477 facio
1423 470 1434 490 ‚

139 507 182 538 vt
215 498 390 539 machina
419 494 551 536 eleuari
581 494 742 547 amplius
773 505 949 549 nequeat,
977 499 1198 550 ponduscula
1216 500 1437 542 decremen-

142 565 187 601 tis
218 561 381 615 aequalia
410 559 482 600 vali
514 557 709 598 iniicienda
742 558 812 598 effe
830 591 841 610 ‚
873 569 916 599 vt
948 561 1121 602 machina
1169 564 1209 604 in
1239 563 1435 617 pristinum

139 624 248 666 litum
280 624 414 664 redeat.
481 622 665 662 Attamen
695 621 721 661 fi
753 624 971 676 euapomtio
1001 625 1192 667 celerrime
1241 626 1286 667 fit
1314 626 1438 667 calore

140 700 252 741 aquae
299 686 481 739 insigniter
530 683 756 737 discrepante
786 697 807 724 a
848 688 1030 738 temperie
1061 691 1154 728 ae'ris
1171 721 1182 739 ‚
1230 689 1438 743 frequenter

138 750 309 790 machina
338 750 375 788 in
407 747 597 801 pristinum
630 747 739 788 fitum
772 746 823 786 est
855 747 1075 789 restituenda
1095 781 1107 801 ‚
1124 750 1225 803 quod
1242 763 1329 790 cum
1347 764 1437 792 mo-

137 814 278 854 lestiam
310 823 430 853 creare
460 809 572 864 poffit
601 809 701 850 haud
733 821 888 864 paruam
908 842 920 862 ‚
937 810 1037 852 haud
1054 812 1303 866 incongruum
1324 814 1436 866 effet,

137 876 349 917 machinam
382 875 429 915 {ic
461 874 633 914 instruere
652 906 663 925 ,
695 882 741 912 vt
770 874 895 926 virgae
928 873 1105 915 facillime
1140 877 1278 916 mutari
1308 886 1345 916 et
1377 876 1438 916 10-

136 951 185 979 co
216 940 398 992 virgarum
429 937 629 978 solidarum
661 936 743 977 tubi
771 936 963 989 cylindrici
995 938 1158 979 eiusdem
1198 938 1438 992 longitudinis

135 1011 174 1042 et
203 1002 377 1056 ponderis
404 1000 572 1041 adhiberi
609 998 759 1051 poffint.
829 998 1060 1052 Amplitudo
1102 1002 1282 1042 tuborum
1332 1010 1438 1043 tanta

135 1063 215 1104 fieri
249 1063 372 1116 potest
390 1095 401 1115 ,
434 1072 478 1102 vt
509 1062 768 1101 decremento·
785 1063 846 1099 60
876 1074 1077 1113 granorum
1110 1064 1210 1105 fasto
1258 1064 1437 1106 machina

133 1139 201 1180 per
249 1126 367 1166 linem
413 1126 572 1165 eleuetur
589 1156 600 1175 ‚
633 1124 660 1162 i.
695 1135 728 1162 e.
769 1123 952 1163 diameter
990 1126 1163 1167 tuborum
1204 1127 1326 1179 potest
1366 1127 1436 1167 fie-

133 1189 165 1228 Ji
198 1201 226 1236 9
243 1188 354 1233 glin.
372 1192 437 1231 -Ι-
498 1184 540 1225 Si
569 1197 660 1237 aqua
691 1184 810 1224 calida
838 1187 1095 1238 euaporationi
1136 1189 1339 1243 exponitur
1370 1189 1433 1231 de-

130 1256 320 1290 crementa
350 1246 498 1288 initIalia
529 1247 606 1287 sunt
635 1247 777 1287 maiora
796 1280 811 1299 ,‚
841 1248 918 1289 tubi
953 1261 1043 1303 ergo
1078 1251 1188 1293 initio
1236 1252 1434 1294 machinae

129 1311 209 1352 iiiut
247 1309 456 1363 adplicandi
474 1342 485 1362 ,
518 1319 561 1351 et
589 1308 808 1351 obieruanda
843 1310 1015 1353 eleuatio.
1092 1313 1242 1357 Deinde
1292 1328 1434 1370 appro-

128 1375 330 1429 pinquante
370 1374 553 1426 temperie
591 1384 703 1426 aquae
749 1373 796 1415 ad
846 1377 1071 1429 temperiem
1122 1379 1216 1419 ae‘ris
1236 1411 1246 1431 ,
1304 1380 1429 1420 decre-

130 1446 260 1479 menta
290 1437 560 1490 euaporatione
592 1436 689 1477 faeta
720 1436 859 1490 aequali
902 1447 1076 1492 tempore
1108 1451 1213 1482 erunt
1246 1442 1395 1482 minora
1414 1474 1426 1494 ‚

130 1498 218 1540 hinc
249 1501 372 1553 virgae
403 1500 537 1540 solidae
568 1498 646 1540 sunt
677 1501 858 1552 aptandae
890 1501 1088 1543 machinae
1104 1536 1117 1556 ,
1152 1512 1196 1545 vt
1213 1504 1433 1545 decremen-

134 1571 173 1603 ta
202 1563 344 1603 minora
375 1563 539 1603 exactius
570 1562 848 1615 cognoscantur.

246 1625 351 1665 Haec
379 1626 554 1667 sufficiere
585 1626 632 1665 ad
663 1626 947 1679 intelligentiam
980 1628 1176 1669 machinae
1194 1626 1429 1682 euaporatio-

132 1687 171 1728 ni
203 1686 460 1730 mensurandae
490 1688 716 1731 inseruientis
746 1690 860 1733 credo
878 1723 890 1745 ,
922 1703 1035 1748 quare
1060 1691 1284 1747 superfluum
1300 1689 1431 1733 cenieo

130 1748 238 1805 plura
267 1751 411 1793 addere.

1196 2195 1421 2242 ANEMO·
