1971 2700
468 156 549 198 DE
578 149 802 199 BESTIIS
833 151 1104 201 MARINIS.
1361 167 1448 209 395

149 270 356 326 proiiciunt
387 281 449 310 eos
479 267 584 321 fiiepe
615 267 656 307 in
687 279 847 321 aquam,
878 275 922 307 vt
953 265 1090 306 natatui
1122 263 1453 318 affi1escant,1affos

148 336 271 376 denuo
304 333 482 386 recipiunt
504 362 515 379 .,
550 343 593 371 ac
626 343 735 371 more
776 331 943 371 humano
983 329 1215 382 osculantur,
1265 332 1302 371 in
1334 330 1452 371 altum

148 398 288 438 catulos
318 396 546 450 proliciunt,
579 394 771 447 proiec'tos
804 393 1044 434 anterioribus
1076 394 1227 447 pedibus
1257 393 1375 434 veluti
1395 395 1453 447 pi-

147 461 224 501 lam
257 461 437 513 recipiunt
456 491 467 510 ,
499 460 583 499 imo
612 471 745 499 omnes
785 458 878 498 lusus
927 466 1108 497 exercent
1128 488 1139 508 ‚
1190 469 1281 510 quos
1330 467 1451 498 mater

146 523 264 577 prolis
294 521 537 564 amantissima
571 522 751 563 iucundos
782 531 820 562 et
850 522 1072 562 tenerrimos
1103 532 1277 561 exercere
1295 521 1449 574 potest:

146 589 183 628 in
216 588 424 627 continente
455 586 669 626 dormiente
702 596 820 627 matre
853 586 964 626 catuli
996 586 1177 626 mammis
1215 584 1280 625 vel
1312 584 1452 625 lacertis

146 651 320 692 maternis
350 649 586 691 adhaerentes
617 649 749 704 vigiles
780 649 959 690 custodias
992 658 1106 701 agunt
1125 681 1135 701 ‚
1168 648 1318 702 prolem
1337 660 1449 689 amo-

145 727 185 754 re
218 714 285 754 vix
316 713 478 754 credibili
511 712 844 766 complectuntur3
878 721 1066 764 vtcunque
1113 713 1336 764 percussbres
1384 725 1449 752 vr-

144 786 255 829 gent,
285 785 364 817 tam
398 778 436 817 in
467 777 583 829 mari,
616 788 729 830 quam
764 776 801 815 in
833 774 1049 815 continente
1067 806 1078 826 ,
1110 786 1301 829 nunquam
1321 783 1448 814 tamen

143 839 283 880 catulos
312 852 375 880 ore
420 849 587 894 arreptos
633 839 876 893 relinquunt,
908 837 976 878 nisi
1016 846 1190 878 extrema
1239 836 1449 877 neceffitate

143 912 184 942 et
216 902 291 956 ipsa
322 912 444 944 morte
475 903 656 956 coaetae,
688 915 731 943 ac
764 911 961 957 propterea
1001 900 1141 953 saepius
1191 913 1280 941 cum
1333 899 1446 941 saluae

140 965 327 1006 euasissent
346 999 356 1019 ,
387 967 603 1008 occiduntur
622 999 633 1018 ‚
665 967 713 1007 de
744 967 915 1007 industria
947 963 1136 1017 aliquoties
1151 963 1335 1004 foemellis
1359 964 1446 1003 nde-

142 1030 198 1068 mi
216 1031 356 1070 catulos
376 1062 387 1081 ,
421 1031 490 1070 illis
523 1043 615 1070 vero
647 1030 732 1083 ipsis
764 1030 947 1083 peperci,
997 1026 1066 1066 hae
1108 1039 1202 1067 veto
1233 1026 1339 1067 instar
1370 1025 1446 1067 ho-

140 1093 253 1132 minis
283 1092 412 1134 afflicti
443 1093 665 1146 plangebant
683 1125 694 1143 ,
728 1105 794 1133 me
825 1093 935 1132 viuos
967 1090 1061 1129 duos
1100 1089 1242 1128 catulos
1291 1098 1444 1141 portan-

139 1162 220 1194 tem
252 1154 368 1192 veluti
398 1167 506 1193 canes
537 1167 558 1192 e
587 1155 793 1205 longinquo
832 1153 1073 1205 sequebantur
1092 1180 1104 1202 ,
1154 1150 1295 1192 catulos
1344 1162 1444 1192 voce

137 1215 302 1268 fingulari
335 1215 474 1268 vagitui
507 1214 692 1255 infinitum
723 1214 835 1255 fimili
882 1213 1108 1256 aduocabant
1128 1244 1139 1264 ,
1190 1226 1281 1255 cum
1333 1214 1443 1256 catuli

136 1279 256 1316 audita
289 1290 386 1318 voce
437 1287 607 1319 materna
658 1279 794 1332 puriter
843 1279 1045 1332 vagirent‚
1087 1276 1219 1317 subsedi
1253 1278 1292 1318 in
1324 1278 1410 1317 niue
1430 1310 1440 1330 ‚

135 1341 370 1381 accurrebant
404 1351 480 1381 tam
516 1354 638 1394 prope
671 1352 708 1382 et
741 1351 888 1394 paratae
929 1342 1070 1381 stabant
1120 1340 1260 1380 catulos
1301 1353 1323 1380 e
1355 1353 1441 1380 ma-

137 1403 243 1443 nibus
273 1403 313 1443 in
345 1404 433 1444 niue
465 1404 638 1457 sepositos
686 1404 829 1446 afferre.
899 1405 1044 1458 Elapfis
1099 1407 1121 1443 8
1173 1404 1295 1444 diebus
1344 1403 1440 1444 redii

134 1466 180 1506 ad
213 1467 373 1508 eundem
404 1468 532 1508 locum
552 1498 564 1517 ‚
595 1471 772 1510 maximo
803 1480 976 1509 moerore
1009 1466 1186 1508 affectam
1223 1479 1342 1507 vnum
1361 1465 1442 1507 foe-

136 1529 293 1571 menam
310 1531 465 1582 eodem,
484 1544 560 1585 quo
593 1531 735 1572 catulos
765 1532 868 1585 rapui
901 1532 1211 1584 loco,iacentem
1245 1529 1371 1569 inueni
1395 1540 1439 1570 ae

133 1592 268 1647 absque
300 1594 378 1634 vllo
409 1595 513 1648 fugae
547 1595 650 1635 edito
683 1595 786 1648 figno
820 1596 974 1645 occidi,
1026 1594 1125 1649 pelle
1174 1593 1340 1634 detracta
1389 1591 1440 1633 ita

135 1655 231 1696 intr-‚1
265 1658 455 1699 octiduum
507 1660 689 1699 enunciata
721 1670 826 1710 erat,
861 1668 905 1699 vt
935 1659 1010 1699 offa
1058 1657 1300 1698 solummodo
1348 1667 1438 1696 cum

137 1729 253 1770 pauca
285 1731 395 1759 carne
425 1722 642 1772 superessent
662 1755 673 1774 ,
705 1723 808 1776 quod
839 1722 1017 1776 deinceps
1047 1720 1241 1774 aliquoties
1264 1719 1438 1771 contigit.

138 1781 288 1821 Accidit
318 1781 392 1821 alio
427 1790 620 1834 tempore,
653 1791 696 1823 vt
727 1797 803 1824 vna
827 1797 915 1825 cum
950 1787 989 1825 d.
1023 1784 1237 1824 Plenisnero
1270 1792 1440 1824 matrem

137 1855 224 1883 cum
258 1844 340 1884 filio
371 1856 491 1884 annuo
523 1845 773 1886 dormientem
793 1846 1037 1901 elonginquo
1068 1846 1273 1886 viderem:
1316 1854 1441 1885 mater

142 1907 247 1947 nobis
264 1908 346 1948 visis
364 1909 572 1948 accurrebat
592 1910 634 1949 ad
657 1909 774 1949 filium
795 1943 804 1961 ‚
823 1910 1005 1951 suscitabat
1021 1920 1058 1950 et
1078 1910 1257 1949 monebat
1275 1917 1316 1948 vt
1334 1908 1437 1961 fuge-

135 1980 190 2009 ret
208 2002 218 2020 ,
235 1983 319 2011 cum
340 1984 433 2012 vero
451 1971 513 2011 ille
531 1972 697 2013 dormire
715 1985 782 2013 nec
802 1974 923 2027 fugere
943 1974 1073 2023 vellet,
1094 1973 1250 2013 inuitum
1272 1971 1437 2011 anterio-

138 2033 232 2072 ribus
251 2035 400 2085 pedibus
416 2046 605 2089 arreptum
626 2069 637 2089 ,
663 2037 779 2076 veluti
799 2038 896 2078 iners
913 2036 1039 2078 luxum
1058 2037 1104 2079 ad
1122 2048 1225 2078 mare
1243 2033 1437 2076 voluebat.

137 2093 288 2138 Co'c'unt
319 2107 361 2138 vt
392 2098 578 2141 homines.

694 2162 737 2205 D
770 2163 795 2205 d
826 2162 849 2205 d
887 2174 910 2202 2
1307 2160 1435 2203 Oculis
