<?xml version="1.0" encoding="UTF-8"?>
<!DOCTYPE html PUBLIC "-//W3C//DTD XHTML 1.0 Transitional//EN"
    "http://www.w3.org/TR/xhtml1/DTD/xhtml1-transitional.dtd">
<html xmlns="http://www.w3.org/1999/xhtml" xml:lang="en" lang="en">
 <head>
  <title>
</title>
<meta http-equiv="Content-Type" content="text/html;charset=utf-8" />
  <meta name='ocr-system' content='tesseract 3.04.00' />
  <meta name='ocr-capabilities' content='ocr_page ocr_carea ocr_par ocr_line ocrx_word'/>
</head>
<body>
  <div class='ocr_page' id='page_1' title='image "./novicommentariac02impe_0506.png"; bbox 0 0 1971 2700; ppageno 0'>
   <div class='ocr_carea' id='block_1_1' title="bbox 509 162 1529 224">
    <p class='ocr_par' dir='ltr' id='par_1_1' title="bbox 509 162 1529 224">
     <span class='ocr_line' id='line_1_1' title="bbox 509 162 1529 224; baseline 0.001 -11"><span class='ocrx_word' id='word_1_1' title='bbox 509 183 600 224; x_wconf 82' lang='lat'>470</span> <span class='ocrx_word' id='word_1_2' title='bbox 792 170 849 214; x_wconf 87' lang='lat' dir='ltr'><em>M</em></span> <span class='ocrx_word' id='word_1_3' title='bbox 850 173 926 216; x_wconf 84' lang='lat' dir='ltr'>ET</span> <span class='ocrx_word' id='word_1_4' title='bbox 923 173 964 216; x_wconf 88' lang='lat' dir='ltr'><em>H</em></span> <span class='ocrx_word' id='word_1_5' title='bbox 966 169 1092 214; x_wconf 85' lang='lat' dir='ltr'>ODV</span> <span class='ocrx_word' id='word_1_6' title='bbox 1087 171 1122 215; x_wconf 91' lang='lat' dir='ltr'><em>S</em></span> <span class='ocrx_word' id='word_1_7' title='bbox 1151 162 1529 216; x_wconf 81' lang='lat' dir='ltr'><em>OBSERVANDI</em></span> 
     </span>
    </p>
   </div>
   <div class='ocr_carea' id='block_1_2' title="bbox 503 284 1856 2184">
    <p class='ocr_par' dir='ltr' id='par_1_2' title="bbox 503 284 1856 2134">
     <span class='ocr_line' id='line_1_2' title="bbox 507 284 1834 342; baseline 0 -12"><span class='ocrx_word' id='word_1_8' title='bbox 507 287 854 342; x_wconf 72' lang='lat' dir='ltr'>ccmplementum</span> <span class='ocrx_word' id='word_1_9' title='bbox 890 287 1094 327; x_wconf 82' lang='lat' dir='ltr'>altitudinis</span> <span class='ocrx_word' id='word_1_10' title='bbox 1123 287 1246 327; x_wconf 88' lang='lat' dir='ltr'>centri</span> <span class='ocrx_word' id='word_1_11' title='bbox 1279 285 1412 327; x_wconf 82' lang='lat' dir='ltr'>Lunae</span> <span class='ocrx_word' id='word_1_12' title='bbox 1447 285 1551 340; x_wconf 78' lang='lat' dir='ltr'>sopri</span> <span class='ocrx_word' id='word_1_13' title='bbox 1585 284 1834 330; x_wconf 78' lang='lat' dir='ltr'>horizontem</span> 
     </span>
     <span class='ocr_line' id='line_1_3' title="bbox 511 350 1839 404; baseline -0.003 -10"><span class='ocrx_word' id='word_1_14' title='bbox 511 365 566 394; x_wconf 80' lang='lat' dir='ltr'>ex</span> <span class='ocrx_word' id='word_1_15' title='bbox 598 353 905 393; x_wconf 75' lang='lat' dir='ltr'>antcctdentibus</span> <span class='ocrx_word' id='word_1_16' title='bbox 936 363 1076 392; x_wconf 87' lang='lat' dir='ltr'>notum</span> <span class='ocrx_word' id='word_1_17' title='bbox 1096 383 1108 403; x_wconf 89' lang='lat'>,</span> <span class='ocrx_word' id='word_1_18' title='bbox 1142 352 1243 391; x_wconf 70' lang='lat' dir='ltr'>vnde</span> <span class='ocrx_word' id='word_1_19' title='bbox 1295 350 1407 391; x_wconf 80' lang='lat' dir='ltr'>facilc</span> <span class='ocrx_word' id='word_1_20' title='bbox 1457 364 1532 391; x_wconf 83' lang='lat' dir='ltr'>con</span> <span class='ocrx_word' id='word_1_21' title='bbox 1549 361 1697 404; x_wconf 68' lang='lat' dir='ltr'>equitur</span> <span class='ocrx_word' id='word_1_22' title='bbox 1728 362 1839 403; x_wconf 80' lang='lat' dir='ltr'>quae-</span> 
     </span>
     <span class='ocr_line' id='line_1_4' title="bbox 508 413 1841 468; baseline -0.003 -9"><span class='ocrx_word' id='word_1_23' title='bbox 508 418 637 459; x_wconf 87' lang='lat' dir='ltr'>situm.</span> <span class='ocrx_word' id='word_1_24' title='bbox 701 416 866 468; x_wconf 68' lang='lat' dir='ltr'>Optime</span> <span class='ocrx_word' id='word_1_25' title='bbox 897 426 1026 455; x_wconf 77' lang='lat' dir='ltr'>autem</span> <span class='ocrx_word' id='word_1_26' title='bbox 1061 425 1100 455; x_wconf 89' lang='lat' dir='ltr'>et</span> <span class='ocrx_word' id='word_1_27' title='bbox 1133 414 1315 456; x_wconf 74' lang='lat' dir='ltr'>filcillime</span> <span class='ocrx_word' id='word_1_28' title='bbox 1360 427 1542 457; x_wconf 65' lang='grc' dir='ltr'>(ου-η]</span> <span class='ocrx_word' id='word_1_29' title='bbox 1596 413 1841 455; x_wconf 73' lang='lat' dir='ltr'>determinati</span> 
     </span>
     <span class='ocr_line' id='line_1_5' title="bbox 511 479 1840 534; baseline -0.002 -14"><span class='ocrx_word' id='word_1_30' title='bbox 511 480 638 534; x_wconf 79' lang='lat' dir='ltr'>potest</span> <span class='ocrx_word' id='word_1_31' title='bbox 674 481 875 533; x_wconf 65' lang='lat' dir='ltr'>parali-axis</span> <span class='ocrx_word' id='word_1_32' title='bbox 905 490 1025 519; x_wconf 87' lang='lat' dir='ltr'>centri</span> <span class='ocrx_word' id='word_1_33' title='bbox 1062 479 1195 519; x_wconf 80' lang='lat' dir='ltr'>Lunae</span> <span class='ocrx_word' id='word_1_34' title='bbox 1229 480 1335 519; x_wconf 81' lang='lat' dir='ltr'>iuxta</span> <span class='ocrx_word' id='word_1_35' title='bbox 1385 482 1557 534; x_wconf 67' lang='lat' dir='ltr'>primam</span> <span class='ocrx_word' id='word_1_36' title='bbox 1607 479 1840 520; x_wconf 81' lang='lat' dir='ltr'>methodum</span> 
     </span>
     <span class='ocr_line' id='line_1_6' title="bbox 503 543 1840 598; baseline -0.002 -14"><span class='ocrx_word' id='word_1_37' title='bbox 503 557 560 584; x_wconf 81' lang='lat' dir='ltr'>ex</span> <span class='ocrx_word' id='word_1_38' title='bbox 593 543 796 583; x_wconf 73' lang='lat' dir='ltr'>obstruatis</span> <span class='ocrx_word' id='word_1_39' title='bbox 830 543 1086 583; x_wconf 77' lang='lat' dir='ltr'>altitudinibus</span> <span class='ocrx_word' id='word_1_40' title='bbox 1119 545 1238 584; x_wconf 87' lang='lat' dir='ltr'>centri</span> <span class='ocrx_word' id='word_1_41' title='bbox 1270 543 1402 584; x_wconf 85' lang='lat' dir='ltr'>Lunae</span> <span class='ocrx_word' id='word_1_42' title='bbox 1435 544 1541 598; x_wconf 74' lang='lat' dir='ltr'>iiiprn</span> <span class='ocrx_word' id='word_1_43' title='bbox 1562 543 1840 594; x_wconf 75' lang='lat' dir='ltr'>horizontem,</span> 
     </span>
     <span class='ocr_line' id='line_1_7' title="bbox 505 604 1841 662; baseline -0.003 -13"><span class='ocrx_word' id='word_1_44' title='bbox 505 609 683 649; x_wconf 80' lang='lat' dir='ltr'>cornibus</span> <span class='ocrx_word' id='word_1_45' title='bbox 715 606 869 661; x_wconf 79' lang='lat' dir='ltr'>pliaseos</span> <span class='ocrx_word' id='word_1_46' title='bbox 904 607 1013 647; x_wconf 84' lang='lat' dir='ltr'>situm</span> <span class='ocrx_word' id='word_1_47' title='bbox 1048 607 1273 648; x_wconf 79' lang='lat' dir='ltr'>verticalem</span> <span class='ocrx_word' id='word_1_48' title='bbox 1295 641 1307 660; x_wconf 89' lang='lat'>,</span> <span class='ocrx_word' id='word_1_49' title='bbox 1340 608 1407 648; x_wconf 63' lang='lat' dir='ltr'>vel</span> <span class='ocrx_word' id='word_1_50' title='bbox 1441 607 1663 662; x_wconf 81' lang='lat' dir='ltr'>parallelum</span> <span class='ocrx_word' id='word_1_51' title='bbox 1701 604 1841 647; x_wconf 82' lang='lat' dir='ltr'>adho-</span> 
     </span>
     <span class='ocr_line' id='line_1_8' title="bbox 505 671 1843 725; baseline -0.003 -12"><span class='ocrx_word' id='word_1_52' title='bbox 505 674 699 713; x_wconf 82' lang='lat' dir='ltr'>rizontcm</span> <span class='ocrx_word' id='word_1_53' title='bbox 735 671 991 725; x_wconf 80' lang='lat' dir='ltr'>habentibus;</span> <span class='ocrx_word' id='word_1_54' title='bbox 1029 671 1067 710; x_wconf 91' lang='lat' dir='ltr'>in</span> <span class='ocrx_word' id='word_1_55' title='bbox 1105 672 1238 725; x_wconf 88' lang='lat' dir='ltr'>primo</span> <span class='ocrx_word' id='word_1_56' title='bbox 1268 673 1376 712; x_wconf 90' lang='lat' dir='ltr'>enim</span> <span class='ocrx_word' id='word_1_57' title='bbox 1419 672 1502 713; x_wconf 82' lang='lat' dir='ltr'>casu</span> <span class='ocrx_word' id='word_1_58' title='bbox 1544 671 1705 712; x_wconf 80' lang='lat' dir='ltr'>altitudo</span> <span class='ocrx_word' id='word_1_59' title='bbox 1746 681 1843 710; x_wconf 86' lang='lat' dir='ltr'>cen-</span> 
     </span>
     <span class='ocr_line' id='line_1_9' title="bbox 506 733 1843 791; baseline -0.002 -15"><span class='ocrx_word' id='word_1_60' title='bbox 506 737 556 777; x_wconf 88' lang='lat' dir='ltr'>tri</span> <span class='ocrx_word' id='word_1_61' title='bbox 593 737 751 776; x_wconf 67' lang='lat' dir='ltr'>Vmbrae</span> <span class='ocrx_word' id='word_1_62' title='bbox 787 735 893 788; x_wconf 79' lang='lat' dir='ltr'>supra</span> <span class='ocrx_word' id='word_1_63' title='bbox 927 735 1177 775; x_wconf 75' lang='lat' dir='ltr'>horizontem</span> <span class='ocrx_word' id='word_1_64' title='bbox 1212 749 1397 790; x_wconf 80' lang='lat' dir='ltr'>apparens</span> <span class='ocrx_word' id='word_1_65' title='bbox 1429 737 1590 791; x_wconf 80' lang='lat' dir='ltr'>aequalis</span> <span class='ocrx_word' id='word_1_66' title='bbox 1621 735 1674 775; x_wconf 84' lang='lat' dir='ltr'>est</span> <span class='ocrx_word' id='word_1_67' title='bbox 1714 733 1843 774; x_wconf 84' lang='lat' dir='ltr'>altitu-</span> 
     </span>
     <span class='ocr_line' id='line_1_10' title="bbox 504 799 1844 853; baseline -0.003 -12"><span class='ocrx_word' id='word_1_68' title='bbox 504 801 588 842; x_wconf 85' lang='lat' dir='ltr'>dini</span> <span class='ocrx_word' id='word_1_69' title='bbox 623 800 744 840; x_wconf 88' lang='lat' dir='ltr'>centri</span> <span class='ocrx_word' id='word_1_70' title='bbox 780 799 912 840; x_wconf 80' lang='lat' dir='ltr'>Lunae</span> <span class='ocrx_word' id='word_1_71' title='bbox 947 809 1156 840; x_wconf 91' lang='lat' dir='ltr'>momento</span> <span class='ocrx_word' id='word_1_72' title='bbox 1189 800 1254 840; x_wconf 90' lang='lat' dir='ltr'>illo</span> <span class='ocrx_word' id='word_1_73' title='bbox 1287 800 1533 853; x_wconf 69' lang='lat' dir='ltr'>obseriianic,</span> <span class='ocrx_word' id='word_1_74' title='bbox 1566 813 1618 841; x_wconf 86' lang='lat' dir='ltr'>ex</span> <span class='ocrx_word' id='word_1_75' title='bbox 1632 799 1844 852; x_wconf 58' lang='lat' dir='ltr'>cademque</span> 
     </span>
     <span class='ocr_line' id='line_1_11' title="bbox 506 861 1845 916; baseline -0.002 -11"><span class='ocrx_word' id='word_1_76' title='bbox 506 867 596 906; x_wconf 76' lang='lat' dir='ltr'>data</span> <span class='ocrx_word' id='word_1_77' title='bbox 629 864 856 904; x_wconf 75' lang='lat' dir='ltr'>immediate</span> <span class='ocrx_word' id='word_1_78' title='bbox 891 865 1035 916; x_wconf 73' lang='lat' dir='ltr'>datur3</span> <span class='ocrx_word' id='word_1_79' title='bbox 1074 865 1112 904; x_wconf 92' lang='lat' dir='ltr'>in</span> <span class='ocrx_word' id='word_1_80' title='bbox 1144 865 1301 904; x_wconf 78' lang='lat' dir='ltr'>lccundo</span> <span class='ocrx_word' id='word_1_81' title='bbox 1334 877 1461 905; x_wconf 72' lang='lat' dir='ltr'>autem</span> <span class='ocrx_word' id='word_1_82' title='bbox 1495 864 1576 906; x_wconf 84' lang='lat' dir='ltr'>casn</span> <span class='ocrx_word' id='word_1_83' title='bbox 1619 876 1672 904; x_wconf 90' lang='lat' dir='ltr'>ex</span> <span class='ocrx_word' id='word_1_84' title='bbox 1707 861 1845 903; x_wconf 80' lang='lat' dir='ltr'>distan-</span> 
     </span>
     <span class='ocr_line' id='line_1_12' title="bbox 508 928 1841 982; baseline -0.003 -12"><span class='ocrx_word' id='word_1_85' title='bbox 508 930 560 970; x_wconf 80' lang='lat' dir='ltr'>tia</span> <span class='ocrx_word' id='word_1_86' title='bbox 594 940 818 969; x_wconf 80' lang='lat' dir='ltr'>centrorum</span> <span class='ocrx_word' id='word_1_87' title='bbox 855 928 900 968; x_wconf 83' lang='lat' dir='ltr'>ad</span> <span class='ocrx_word' id='word_1_88' title='bbox 932 928 1036 968; x_wconf 87' lang='lat' dir='ltr'>idem</span> <span class='ocrx_word' id='word_1_89' title='bbox 1069 937 1226 980; x_wconf 67' lang='lat' dir='ltr'>tempus</span> <span class='ocrx_word' id='word_1_90' title='bbox 1260 941 1329 982; x_wconf 89' lang='lat' dir='ltr'>per</span> <span class='ocrx_word' id='word_1_91' title='bbox 1362 930 1663 969; x_wconf 74' lang='lat' dir='ltr'>obieruntionem</span> <span class='ocrx_word' id='word_1_92' title='bbox 1708 928 1841 967; x_wconf 86' lang='lat' dir='ltr'>inuen-</span> 
     </span>
     <span class='ocr_line' id='line_1_13' title="bbox 510 991 1837 1046; baseline -0.003 -13"><span class='ocrx_word' id='word_1_93' title='bbox 510 1003 550 1034; x_wconf 82' lang='lat' dir='ltr'>ta</span> <span class='ocrx_word' id='word_1_94' title='bbox 582 991 644 1032; x_wconf 79' lang='lat' dir='ltr'>vel</span> <span class='ocrx_word' id='word_1_95' title='bbox 679 1004 748 1045; x_wconf 88' lang='lat' dir='ltr'>per</span> <span class='ocrx_word' id='word_1_96' title='bbox 786 992 955 1046; x_wconf 79' lang='lat' dir='ltr'>regulam</span> <span class='ocrx_word' id='word_1_97' title='bbox 1007 992 1304 1046; x_wconf 84' lang='lat' dir='ltr'>proportionum</span> <span class='ocrx_word' id='word_1_98' title='bbox 1353 993 1514 1034; x_wconf 71' lang='lat' dir='ltr'>deducta</span> <span class='ocrx_word' id='word_1_99' title='bbox 1561 992 1837 1044; x_wconf 67' lang='lat' dir='ltr'>altitudineque</span> 
     </span>
     <span class='ocr_line' id='line_1_14' title="bbox 507 1053 1844 1110; baseline -0.003 -12"><span class='ocrx_word' id='word_1_100' title='bbox 507 1057 633 1099; x_wconf 85' lang='lat' dir='ltr'>centri</span> <span class='ocrx_word' id='word_1_101' title='bbox 669 1055 800 1097; x_wconf 84' lang='lat' dir='ltr'>Lunae</span> <span class='ocrx_word' id='word_1_102' title='bbox 834 1056 942 1097; x_wconf 87' lang='lat' dir='ltr'>nullo</span> <span class='ocrx_word' id='word_1_103' title='bbox 975 1057 1134 1109; x_wconf 86' lang='lat' dir='ltr'>negotio</span> <span class='ocrx_word' id='word_1_104' title='bbox 1151 1056 1407 1109; x_wconf 85' lang='lat' dir='ltr'>consequetur.</span> <span class='ocrx_word' id='word_1_105' title='bbox 1473 1056 1651 1110; x_wconf 89' lang='lat' dir='ltr'>Denique</span> <span class='ocrx_word' id='word_1_106' title='bbox 1685 1056 1743 1096; x_wconf 66' lang='lat'>6³⁰</span> <span class='ocrx_word' id='word_1_107' title='bbox 1773 1053 1844 1094; x_wconf 81' lang='lat' dir='ltr'>da-</span> 
     </span>
     <span class='ocr_line' id='line_1_15' title="bbox 510 1118 1844 1175; baseline -0.003 -14"><span class='ocrx_word' id='word_1_108' title='bbox 510 1122 557 1161; x_wconf 76' lang='lat' dir='ltr'>tis</span> <span class='ocrx_word' id='word_1_109' title='bbox 590 1120 637 1160; x_wconf 85' lang='lat' dir='ltr'>ad</span> <span class='ocrx_word' id='word_1_110' title='bbox 678 1130 833 1173; x_wconf 82' lang='lat' dir='ltr'>tempus</span> <span class='ocrx_word' id='word_1_111' title='bbox 865 1121 1063 1160; x_wconf 74' lang='lat' dir='ltr'>cuiuslibet</span> <span class='ocrx_word' id='word_1_112' title='bbox 1116 1120 1387 1161; x_wconf 75' lang='lat' dir='ltr'>obieriiationis</span> <span class='ocrx_word' id='word_1_113' title='bbox 1437 1121 1596 1175; x_wconf 70' lang='lat' dir='ltr'>pli-aleos</span> <span class='ocrx_word' id='word_1_114' title='bbox 1645 1118 1844 1161; x_wconf 83' lang='lat' dir='ltr'>altitudine</span> 
     </span>
     <span class='ocr_line' id='line_1_16' title="bbox 506 1184 1846 1238; baseline -0.002 -13"><span class='ocrx_word' id='word_1_115' title='bbox 506 1184 764 1225; x_wconf 72' lang='lat' dir='ltr'>declinatione</span> <span class='ocrx_word' id='word_1_116' title='bbox 796 1194 834 1222; x_wconf 80' lang='lat' dir='ltr'>tt</span> <span class='ocrx_word' id='word_1_117' title='bbox 865 1184 1076 1222; x_wconf 77' lang='lat' dir='ltr'>:istenlione</span> <span class='ocrx_word' id='word_1_118' title='bbox 1112 1185 1231 1222; x_wconf 84' lang='lat' dir='ltr'>centri</span> <span class='ocrx_word' id='word_1_119' title='bbox 1256 1184 1384 1224; x_wconf 76' lang='lat' dir='ltr'>Lunae</span> <span class='ocrx_word' id='word_1_120' title='bbox 1403 1185 1669 1238; x_wconf 70' lang='lat' dir='ltr'>apparentibus</span> <span class='ocrx_word' id='word_1_121' title='bbox 1689 1217 1699 1236; x_wconf 80' lang='lat'>,</span> <span class='ocrx_word' id='word_1_122' title='bbox 1727 1184 1846 1223; x_wconf 88' lang='lat' dir='ltr'>item-</span> 
     </span>
     <span class='ocr_line' id='line_1_17' title="bbox 508 1245 1845 1301; baseline 0.001 -15"><span class='ocrx_word' id='word_1_123' title='bbox 508 1259 581 1301; x_wconf 88' lang='lat' dir='ltr'>que</span> <span class='ocrx_word' id='word_1_124' title='bbox 615 1245 801 1299; x_wconf 80' lang='lat' dir='ltr'>pnrallaxi</span> <span class='ocrx_word' id='word_1_125' title='bbox 836 1246 1044 1286; x_wconf 78' lang='lat' dir='ltr'>altitudinis</span> <span class='ocrx_word' id='word_1_126' title='bbox 1081 1246 1208 1286; x_wconf 70' lang='lat' dir='ltr'>Lunae</span> <span class='ocrx_word' id='word_1_127' title='bbox 1239 1248 1440 1287; x_wconf 77' lang='lat' dir='ltr'>declinatio</span> <span class='ocrx_word' id='word_1_128' title='bbox 1473 1259 1512 1287; x_wconf 90' lang='lat' dir='ltr'>ct</span> <span class='ocrx_word' id='word_1_129' title='bbox 1543 1248 1705 1289; x_wconf 76' lang='lat' dir='ltr'>ascensio</span> <span class='ocrx_word' id='word_1_130' title='bbox 1742 1245 1845 1287; x_wconf 69' lang='grc' dir='ltr'>ῐεᾶα</span> 
     </span>
     <span class='ocr_line' id='line_1_18' title="bbox 507 1308 1844 1365; baseline -0.002 -13"><span class='ocrx_word' id='word_1_131' title='bbox 507 1311 630 1352; x_wconf 85' lang='lat' dir='ltr'>centri</span> <span class='ocrx_word' id='word_1_132' title='bbox 678 1308 808 1351; x_wconf 81' lang='lat' dir='ltr'>Lunae</span> <span class='ocrx_word' id='word_1_133' title='bbox 856 1321 967 1349; x_wconf 71' lang='lat' dir='ltr'>verae</span> <span class='ocrx_word' id='word_1_134' title='bbox 1015 1310 1263 1349; x_wconf 88' lang='lat' dir='ltr'>inuenientur.</span> <span class='ocrx_word' id='word_1_135' title='bbox 1349 1312 1420 1352; x_wconf 82' lang='lat' dir='ltr'>His</span> <span class='ocrx_word' id='word_1_136' title='bbox 1453 1323 1579 1352; x_wconf 74' lang='lat' dir='ltr'>:intem</span> <span class='ocrx_word' id='word_1_137' title='bbox 1613 1312 1774 1365; x_wconf 87' lang='lat' dir='ltr'>cognitis</span> <span class='ocrx_word' id='word_1_138' title='bbox 1806 1318 1844 1350; x_wconf 93' lang='lat' dir='ltr'>et</span> 
     </span>
     <span class='ocr_line' id='line_1_19' title="bbox 509 1373 1846 1429; baseline -0.001 -14"><span class='ocrx_word' id='word_1_139' title='bbox 509 1375 737 1429; x_wconf 79' lang='lat' dir='ltr'>obliquitate</span> <span class='ocrx_word' id='word_1_140' title='bbox 771 1373 973 1427; x_wconf 79' lang='lat' dir='ltr'>eclipticae</span> <span class='ocrx_word' id='word_1_141' title='bbox 1006 1373 1053 1413; x_wconf 82' lang='lat' dir='ltr'>ad</span> <span class='ocrx_word' id='word_1_142' title='bbox 1089 1383 1330 1427; x_wconf 79' lang='lat' dir='ltr'>aequatorem</span> <span class='ocrx_word' id='word_1_143' title='bbox 1365 1376 1450 1414; x_wconf 76' lang='lat' dir='ltr'>data</span> <span class='ocrx_word' id='word_1_144' title='bbox 1471 1407 1482 1425; x_wconf 88' lang='lat'>,</span> <span class='ocrx_word' id='word_1_145' title='bbox 1518 1375 1677 1414; x_wconf 81' lang='lat' dir='ltr'>latitudo</span> <span class='ocrx_word' id='word_1_146' title='bbox 1693 1385 1846 1427; x_wconf 89' lang='lat' dir='ltr'>quoque</span> 
     </span>
     <span class='ocr_line' id='line_1_20' title="bbox 510 1436 1842 1492; baseline -0.002 -13"><span class='ocrx_word' id='word_1_147' title='bbox 510 1449 549 1479; x_wconf 92' lang='lat' dir='ltr'>et</span> <span class='ocrx_word' id='word_1_148' title='bbox 596 1438 804 1492; x_wconf 83' lang='lat' dir='ltr'>longitudo</span> <span class='ocrx_word' id='word_1_149' title='bbox 855 1438 975 1477; x_wconf 90' lang='lat' dir='ltr'>centri</span> <span class='ocrx_word' id='word_1_150' title='bbox 1013 1436 1144 1478; x_wconf 55' lang='lat' dir='ltr'>Lunie</span> <span class='ocrx_word' id='word_1_151' title='bbox 1178 1450 1288 1478; x_wconf 75' lang='lat' dir='ltr'>vente</span> <span class='ocrx_word' id='word_1_152' title='bbox 1322 1437 1429 1479; x_wconf 81' lang='lat' dir='ltr'>facile</span> <span class='ocrx_word' id='word_1_153' title='bbox 1481 1437 1842 1479; x_wconf 83' lang='lat' dir='ltr'>determinabuntur.</span> 
     </span>
     <span class='ocr_line' id='line_1_21' title="bbox 513 1501 1847 1559; baseline -0.001 -16"><span class='ocrx_word' id='word_1_154' title='bbox 513 1503 665 1559; x_wconf 84' lang='lat' dir='ltr'>Quodsi</span> <span class='ocrx_word' id='word_1_155' title='bbox 702 1512 829 1543; x_wconf 85' lang='lat' dir='ltr'>autem</span> <span class='ocrx_word' id='word_1_156' title='bbox 863 1502 908 1541; x_wconf 83' lang='lat' dir='ltr'>ad</span> <span class='ocrx_word' id='word_1_157' title='bbox 944 1512 1118 1556; x_wconf 78' lang='lat' dir='ltr'>tempora</span> <span class='ocrx_word' id='word_1_158' title='bbox 1155 1501 1311 1542; x_wconf 85' lang='lat' dir='ltr'>duarum</span> <span class='ocrx_word' id='word_1_159' title='bbox 1345 1503 1596 1557; x_wconf 81' lang='lat' dir='ltr'>quarumlibet</span> <span class='ocrx_word' id='word_1_160' title='bbox 1616 1501 1847 1542; x_wconf 83' lang='lat' dir='ltr'>obseruatio·</span> 
     </span>
     <span class='ocr_line' id='line_1_22' title="bbox 516 1564 1848 1621; baseline -0.001 -14"><span class='ocrx_word' id='word_1_161' title='bbox 516 1580 609 1608; x_wconf 87' lang='lat' dir='ltr'>num</span> <span class='ocrx_word' id='word_1_162' title='bbox 645 1566 805 1621; x_wconf 83' lang='lat' dir='ltr'>phaleos</span> <span class='ocrx_word' id='word_1_163' title='bbox 835 1566 1044 1607; x_wconf 77' lang='lat' dir='ltr'>latitudines</span> <span class='ocrx_word' id='word_1_164' title='bbox 1076 1575 1114 1606; x_wconf 90' lang='lat' dir='ltr'>et</span> <span class='ocrx_word' id='word_1_165' title='bbox 1150 1565 1404 1620; x_wconf 82' lang='lat' dir='ltr'>longitudines</span> <span class='ocrx_word' id='word_1_166' title='bbox 1437 1566 1565 1607; x_wconf 80' lang='lat' dir='ltr'>Lunae</span> <span class='ocrx_word' id='word_1_167' title='bbox 1605 1579 1717 1607; x_wconf 76' lang='lat' dir='ltr'>verae</span> <span class='ocrx_word' id='word_1_168' title='bbox 1749 1564 1848 1606; x_wconf 87' lang='lat' dir='ltr'>defi-</span> 
     </span>
     <span class='ocr_line' id='line_1_23' title="bbox 512 1630 1847 1683; baseline 0 -11"><span class='ocrx_word' id='word_1_169' title='bbox 512 1632 659 1673; x_wconf 88' lang='lat' dir='ltr'>niantur</span> <span class='ocrx_word' id='word_1_170' title='bbox 679 1664 689 1683; x_wconf 90' lang='lat'><strong><em>,</em></strong></span> <span class='ocrx_word' id='word_1_171' title='bbox 726 1630 1040 1672; x_wconf 78' lang='lat' dir='ltr'>determinabitur</span> <span class='ocrx_word' id='word_1_172' title='bbox 1073 1630 1159 1670; x_wconf 88' lang='lat' dir='ltr'>inde</span> <span class='ocrx_word' id='word_1_173' title='bbox 1195 1631 1395 1672; x_wconf 86' lang='lat' dir='ltr'>inclinatio</span> <span class='ocrx_word' id='word_1_174' title='bbox 1428 1631 1574 1671; x_wconf 79' lang='lat' dir='ltr'>orbitae</span> <span class='ocrx_word' id='word_1_175' title='bbox 1608 1630 1767 1671; x_wconf 79' lang='lat' dir='ltr'>Lunaris</span> <span class='ocrx_word' id='word_1_176' title='bbox 1797 1630 1847 1672; x_wconf 81' lang='lat' dir='ltr'>ad</span> 
     </span>
     <span class='ocr_line' id='line_1_24' title="bbox 513 1694 1847 1750; baseline -0.002 -13"><span class='ocrx_word' id='word_1_177' title='bbox 513 1695 735 1750; x_wconf 83' lang='lat' dir='ltr'>eclipticam</span> <span class='ocrx_word' id='word_1_178' title='bbox 770 1708 892 1744; x_wconf 84' lang='lat' dir='ltr'>vera,</span> <span class='ocrx_word' id='word_1_179' title='bbox 927 1695 1033 1736; x_wconf 85' lang='lat' dir='ltr'>locus</span> <span class='ocrx_word' id='word_1_180' title='bbox 1079 1694 1172 1735; x_wconf 91' lang='lat' dir='ltr'>nodi</span> <span class='ocrx_word' id='word_1_181' title='bbox 1213 1696 1363 1736; x_wconf 85' lang='lat' dir='ltr'>orbitae</span> <span class='ocrx_word' id='word_1_182' title='bbox 1415 1694 1572 1736; x_wconf 85' lang='lat' dir='ltr'>Lunaris</span> <span class='ocrx_word' id='word_1_183' title='bbox 1622 1707 1761 1746; x_wconf 74' lang='lat' dir='ltr'>verus,</span> <span class='ocrx_word' id='word_1_184' title='bbox 1806 1704 1847 1734; x_wconf 88' lang='lat' dir='ltr'>et</span> 
     </span>
     <span class='ocr_line' id='line_1_25' title="bbox 513 1756 1849 1814; baseline -0.001 -14"><span class='ocrx_word' id='word_1_185' title='bbox 513 1760 684 1801; x_wconf 80' lang='lat' dir='ltr'>distantia</span> <span class='ocrx_word' id='word_1_186' title='bbox 713 1762 836 1801; x_wconf 88' lang='lat' dir='ltr'>centri</span> <span class='ocrx_word' id='word_1_187' title='bbox 869 1758 999 1801; x_wconf 79' lang='lat' dir='ltr'>Lunae</span> <span class='ocrx_word' id='word_1_188' title='bbox 1026 1771 1051 1800; x_wconf 77' lang='lat' dir='ltr'>a</span> <span class='ocrx_word' id='word_1_189' title='bbox 1087 1760 1195 1800; x_wconf 90' lang='lat' dir='ltr'>nodo</span> <span class='ocrx_word' id='word_1_190' title='bbox 1227 1759 1267 1799; x_wconf 89' lang='lat' dir='ltr'>in</span> <span class='ocrx_word' id='word_1_191' title='bbox 1298 1771 1456 1814; x_wconf 77' lang='lat' dir='ltr'>vtraque</span> <span class='ocrx_word' id='word_1_192' title='bbox 1473 1759 1734 1801; x_wconf 81' lang='lat' dir='ltr'>obseruatione</span> <span class='ocrx_word' id='word_1_193' title='bbox 1751 1756 1849 1812; x_wconf 81' lang='lat' dir='ltr'>pha·</span> 
     </span>
     <span class='ocr_line' id='line_1_26' title="bbox 515 1822 1848 1880; baseline -0.002 -15"><span class='ocrx_word' id='word_1_194' title='bbox 515 1823 596 1865; x_wconf 86' lang='lat' dir='ltr'>scos</span> <span class='ocrx_word' id='word_1_195' title='bbox 612 1824 789 1865; x_wconf 86' lang='lat' dir='ltr'>obtinens</span> <span class='ocrx_word' id='word_1_196' title='bbox 808 1824 945 1867; x_wconf 88' lang='lat' dir='ltr'>itidem</span> <span class='ocrx_word' id='word_1_197' title='bbox 966 1836 1068 1865; x_wconf 79' lang='lat' dir='ltr'>vem.</span> <span class='ocrx_word' id='word_1_198' title='bbox 1087 1823 1230 1880; x_wconf 85' lang='lat' dir='ltr'>Quodsi</span> <span class='ocrx_word' id='word_1_199' title='bbox 1248 1825 1404 1865; x_wconf 79' lang='lat' dir='ltr'>tandem</span> <span class='ocrx_word' id='word_1_200' title='bbox 1425 1823 1484 1863; x_wconf 76' lang='lat'>6&#39;0</span> <span class='ocrx_word' id='word_1_201' title='bbox 1514 1836 1567 1865; x_wconf 87' lang='lat' dir='ltr'>ex</span> <span class='ocrx_word' id='word_1_202' title='bbox 1587 1824 1752 1878; x_wconf 76' lang='lat' dir='ltr'>qnalibet</span> <span class='ocrx_word' id='word_1_203' title='bbox 1775 1822 1848 1863; x_wconf 88' lang='lat' dir='ltr'>ob-</span> 
     </span>
     <span class='ocr_line' id='line_1_27' title="bbox 519 1887 1847 1943; baseline -0.002 -13"><span class='ocrx_word' id='word_1_204' title='bbox 519 1890 729 1930; x_wconf 84' lang='lat' dir='ltr'>sematione</span> <span class='ocrx_word' id='word_1_205' title='bbox 765 1889 956 1943; x_wconf 80' lang='lat' dir='ltr'>phaseos‚</span> <span class='ocrx_word' id='word_1_206' title='bbox 991 1897 1182 1943; x_wconf 92' lang='lat' dir='ltr'>quotquot</span> <span class='ocrx_word' id='word_1_207' title='bbox 1224 1900 1358 1929; x_wconf 83' lang='lat' dir='ltr'>eanim</span> <span class='ocrx_word' id='word_1_208' title='bbox 1409 1888 1565 1929; x_wconf 73' lang='lat' dir='ltr'>dni-inte</span> <span class='ocrx_word' id='word_1_209' title='bbox 1615 1887 1740 1941; x_wconf 86' lang='lat' dir='ltr'>eclipfi</span> <span class='ocrx_word' id='word_1_210' title='bbox 1775 1887 1847 1927; x_wconf 86' lang='lat' dir='ltr'>ob·</span> 
     </span>
     <span class='ocr_line' id='line_1_28' title="bbox 520 1951 1850 2006; baseline -0.002 -12"><span class='ocrx_word' id='word_1_211' title='bbox 520 1952 684 1994; x_wconf 77' lang='lat' dir='ltr'>seruatac</span> <span class='ocrx_word' id='word_1_212' title='bbox 714 1951 826 2006; x_wconf 88' lang='lat' dir='ltr'>sunt,</span> <span class='ocrx_word' id='word_1_213' title='bbox 856 1953 1137 1996; x_wconf 72' lang='lat' dir='ltr'>semidiameter</span> <span class='ocrx_word' id='word_1_214' title='bbox 1176 1964 1362 2006; x_wconf 81' lang='lat' dir='ltr'>apparens</span> <span class='ocrx_word' id='word_1_215' title='bbox 1401 1952 1588 2003; x_wconf 79' lang='lat' dir='ltr'>vmbrae,</span> <span class='ocrx_word' id='word_1_216' title='bbox 1638 1962 1678 1992; x_wconf 87' lang='lat' dir='ltr'>et</span> <span class='ocrx_word' id='word_1_217' title='bbox 1710 1951 1850 1992; x_wconf 85' lang='lat' dir='ltr'>distan-</span> 
     </span>
     <span class='ocr_line' id='line_1_29' title="bbox 521 2015 1851 2070; baseline -0.001 -14"><span class='ocrx_word' id='word_1_218' title='bbox 521 2017 577 2057; x_wconf 72' lang='lat' dir='ltr'>tia</span> <span class='ocrx_word' id='word_1_219' title='bbox 607 2018 727 2057; x_wconf 83' lang='lat' dir='ltr'>centri</span> <span class='ocrx_word' id='word_1_220' title='bbox 763 2016 893 2059; x_wconf 83' lang='lat' dir='ltr'>Lunae</span> <span class='ocrx_word' id='word_1_221' title='bbox 926 2030 948 2058; x_wconf 83' lang='lat' dir='ltr'>a</span> <span class='ocrx_word' id='word_1_222' title='bbox 983 2027 1120 2057; x_wconf 89' lang='lat' dir='ltr'>centro</span> <span class='ocrx_word' id='word_1_223' title='bbox 1169 2016 1313 2057; x_wconf 79' lang='lat' dir='ltr'>Terrae</span> <span class='ocrx_word' id='word_1_224' title='bbox 1333 2048 1346 2068; x_wconf 85' lang='lat'>‚</span> <span class='ocrx_word' id='word_1_225' title='bbox 1397 2028 1450 2058; x_wconf 86' lang='lat' dir='ltr'>ex</span> <span class='ocrx_word' id='word_1_226' title='bbox 1484 2027 1601 2069; x_wconf 85' lang='lat' dir='ltr'>eaque</span> <span class='ocrx_word' id='word_1_227' title='bbox 1651 2015 1851 2070; x_wconf 79' lang='lat' dir='ltr'>parallaxis</span> 
     </span>
     <span class='ocr_line' id='line_1_30' title="bbox 527 2079 1856 2134; baseline -0.005 -9"><span class='ocrx_word' id='word_1_228' title='bbox 527 2079 653 2125; x_wconf 73' lang='lat' dir='ltr'>centri</span> <span class='ocrx_word' id='word_1_229' title='bbox 684 2079 817 2124; x_wconf 77' lang='lat' dir='ltr'>Lunae</span> <span class='ocrx_word' id='word_1_230' title='bbox 847 2080 1093 2125; x_wconf 80' lang='lat' dir='ltr'>horizontalis</span> <span class='ocrx_word' id='word_1_231' title='bbox 1122 2080 1364 2124; x_wconf 73' lang='lat' dir='ltr'>inueniuntur</span> <span class='ocrx_word' id='word_1_232' title='bbox 1382 2115 1393 2134; x_wconf 87' lang='lat'>,</span> <span class='ocrx_word' id='word_1_233' title='bbox 1442 2090 1484 2123; x_wconf 81' lang='lat' dir='ltr'>et</span> <span class='ocrx_word' id='word_1_234' title='bbox 1516 2092 1570 2124; x_wconf 84' lang='lat' dir='ltr'>ex</span> <span class='ocrx_word' id='word_1_235' title='bbox 1600 2081 1644 2123; x_wconf 85' lang='lat' dir='ltr'>iis</span> <span class='ocrx_word' id='word_1_236' title='bbox 1675 2092 1714 2122; x_wconf 86' lang='lat' dir='ltr'>in</span> <span class='ocrx_word' id='word_1_237' title='bbox 1748 2079 1856 2119; x_wconf 74' lang='lat' dir='ltr'>series</span> 
     </span>
    </p>

    <p class='ocr_par' dir='ltr' id='par_1_3' title="bbox 1742 2143 1843 2184">
     <span class='ocr_line' id='line_1_31' title="bbox 1742 2143 1843 2184; baseline 0.01 -1"><span class='ocrx_word' id='word_1_238' title='bbox 1742 2143 1843 2184; x_wconf 84' lang='lat' dir='ltr'>seor-</span> 
     </span>
    </p>
   </div>
  </div>
 </body>
</html>
