1971 2700
469 194 548 240 DE
587 195 809 242 BESTIIS
844 198 1115 245 MARINIS.
1369 216 1458 257 339

155 310 293 356 animal
310 309 656 363 testicat,deorsum
674 310 1044 365 pendent,nulloque
1063 311 1348 367 impedimento
1366 315 1459 356 sunt.

155 377 323 419 Multum
357 374 402 414 ab
435 374 541 413 initio
579 373 745 413 dubitaui
795 383 993 428 antequam
1025 375 1131 416 vsum
1174 377 1458 430 vnguiculorum

155 441 192 480 in
225 439 315 478 vinis
345 436 587 481 animantibus
616 448 806 477 cernerem
827 470 837 489 ,
871 439 959 491 quid
993 438 1056 479 sibi
1088 452 1232 493 vngues
1262 439 1303 480 hi
1322 442 1359 481 in
1379 454 1459 481 me-

154 503 222 543 diis
253 501 451 553 digitorum
485 498 625 540 laciniis
656 500 794 551 velint,
827 513 914 541 cum
947 514 1016 542 nec
1049 502 1359 556 apprehensioni,
1390 516 1462 545 nec

155 563 300 605 inceffui
331 563 514 603 firmando
545 563 771 615 inseruiant,
803 563 827 603 si
860 575 988 605 autem
1032 575 1225 605 extremas
1266 566 1464 620 epiphyses

155 628 420 676 terminarent,
470 634 516 665 vt
548 626 588 666 in
618 626 695 666 aliis
729 627 970 680 animalibus,
1020 628 1112 668 nihil
1160 631 1321 669 omnino
1372 642 1462 683 pro-

156 690 296 732 deffent
313 721 323 741 ‚
357 689 437 743 quia
471 688 558 729 nulli
591 689 702 729 stabili
735 692 916 742 corpori,
949 703 1086 732 verum
1120 692 1230 731 molli
1249 692 1367 733 fiiltim
1387 705 1465 733 car-

157 753 298 807 tilagini
329 752 465 793 affixae
498 751 647 792 forent:
682 750 784 793 Sulci
817 763 943 793 autem
976 753 1097 794 subtus
1115 755 1269 806 pedibus
1294 755 1465 807 insculpti

156 817 320 857 efficiunt
339 849 350 868 ,
381 827 456 868 quo
487 814 631 856 firmius
660 815 803 856 lubricis
821 815 911 857 flixis
944 816 1127 869 insistere,
1159 829 1203 857 ac
1221 818 1326 870 super
1348 818 1389 857 iis
1407 819 1468 872 in-⁴

154 880 284 920 cedere
314 878 460 932 poffint.

269 940 371 984 Cutis
400 951 575 996 quatenns
607 942 691 995 pilis
722 943 812 983 orba
845 944 898 983 ita
932 943 1090 983 firmiter
1122 942 1292 983 inhaeret
1310 943 1462 995 ostibus,

154 1016 194 1046 et
226 1006 401 1047 mollibus
416 1006 703 1059 cartilaginibus,
736 1016 779 1045 vt
798 1006 1022 1046 nullomodo
1040 1006 1125 1046 inde
1152 1006 1307 1058 stparari
1325 1006 1435 1060 poffit
1453 1037 1467 1057 ‚

156 1068 223 1108 nisi
256 1069 417 1109 feruente
451 1081 539 1121 aqua
561 1101 571 1119 ,
604 1078 667 1109 aut
684 1068 899 1109 vstulatione
916 1102 926 1121 ,
960 1082 1052 1122 quae
1069 1082 1125 1108 res
1142 1069 1465 1123 parando‘exuuio

155 1144 307 1171 moram
345 1143 421 1170 non
444 1132 626 1181 exiguam
663 1132 844 1182 imponit.

271 1190 398 1231 Cauda
429 1201 530 1230 curta
560 1192 691 1229 conica
712 1223 722 1241 ,
756 1193 861 1244 apice
884 1191 1119 1244 acuminata,
1151 1205 1189 1231 2.
1213 1192 1365 1245 pollices
1382 1193 1466 1234 lon-

154 1267 221 1309 ga,
257 1253 338 1306 post
369 1265 483 1293 anum
518 1253 697 1305 depreffi,
725 1253 764 1293 in
796 1255 992 1295 interstitio
1024 1256 1164 1308 pedum
1201 1255 1468 1307 haerens,cu-

152 1327 191 1357 te
223 1314 337 1370 pilosa
369 1316 454 1356 laxe
486 1317 735 1357 circumdatur
754 1349 766 1369 ,
800 1317 852 1358 ita
902 1327 947 1357 vt
980 1320 1054 1358 offa
1104 1320 1240 1359 caudae
1274 1319 1333 1359 sub
1384 1328 1469 1360 cute

153 1380 267 1420 veluti
298 1379 433 1432 vagina
484 1380 674 1420 recondita
705 1380 774 1420 fint
792 1412 802 1432 ‚
834 1393 876 1422 ac
911 1394 981 1435 pro
1014 1382 1130 1422 lubitu
1182 1382 1306 1422 emitti
1337 1391 1375 1421 et
1408 1394 1465 1422 re-

151 1443 236 1484 duci
269 1443 414 1494 poffint.

271 1505 377 1546 Penis
413 1518 481 1544 11.
515 1506 649 1559 digitos
680 1506 812 1560 longus
832 1540 843 1559 ,
874 1508 990 1548 fulcro
1020 1507 1121 1548 osteo
1152 1519 1191 1557 5.
1213 1508 1366 1561 pollices
1383 1509 1460 1548 lon-

156 1579 209 1621 go
243 1569 455 1620 praefinitur
473 1601 484 1620 ,
517 1570 686 1610 eiusdem
719 1571 863 1611 formae
884 1602 894 1621 ,
930 1584 972 1610 ac
1012 1572 1052 1610 in
1078 1571 1169 1611 lutra
1189 1573 1347 1612 marina.
1376 1571 1462 1612 Post

158 1630 310 1671 fulcrum
345 1634 449 1684 penis
476 1633 614 1673 osseum
647 1645 806 1688 corpora
839 1633 1030 1687 spongiosa
1072 1634 1261 1675 habentur.

273 1692 446 1736 Scrotum
481 1696 573 1736 infra
607 1709 718 1737 anum
737 1730 749 1749 ,
778 1699 870 1738 cutis
902 1698 986 1751 pilis
1015 1710 1138 1739 carens
1177 1699 1313 1751 nigra,
1352 1710 1464 1752 rugo-

160 1755 194 1796 sa
214 1789 224 1807 ,
258 1757 435 1796 testiculos
464 1759 554 1797 duos
586 1760 770 1812 oblongos
802 1762 969 1801 inuoluit.

274 1820 381 1859 Anus
411 1820 450 1858 in
484 1821 627 1860 extima
661 1825 823 1874 corporis
855 1833 955 1875 parte
985 1823 1080 1863 intra
1120 1824 1234 1876 pedes
1281 1825 1464 1877 posterio-

159 1895 229 1924 κε.
292 1880 497 1935 5Ρ111ι1ᾶει·
528 1883 588 1923 ani
619 1883 724 1924 laxus
756 1885 895 1937 valde,
945 1886 1048 1938 nigra
1099 1886 1227 1939 rugolii
1267 1896 1351 1927 cute
1393 1885 1465 1927 οὶ»-

157 1947 312 1986 ducitur.

277 2006 382 2048 Cutis
430 2008 536 2049 crasffi
557 2039 567 2057 ‚
621 2019 665 2049 vt
712 2009 750 2048 in
801 2010 953 2062 phoca:
1008 2012 1074 2064 pili
1111 2021 1155 2052 vt
1208 2013 1244 2051 in
1308 2011 1459 2066 phoca,

163 2071 220 2111 sed
256 2072 457 2124 quadruplo
490 2073 633 2112 altiores
665 2085 706 2112 ac
739 2073 854 2113 erecti
888 2074 1067 2127 valdeque
1099 2076 1207 2114 dense
1226 2076 1335 2129 positi
1359 2075 1465 2115 :fiin-

162 2135 230 2175 dus
260 2136 348 2177 cutis
380 2135 592 2177 mollissima
624 2136 793 2188 lanugine
825 2138 961 2189 tegitur
980 2170 990 2189 ,
1023 2151 1115 2192 quae
1149 2138 1283 2193 lanugo
1314 2137 1469 2192 spadicei

722 2199 760 2237 V
793 2211 820 2238 v
857 2211 880 2237 2
1400 2198 1463 2239 vel
