1971 2700
155 209 437 268 STATERAE
461 202 660 265 GEO'G‘R'.
681 204 757 263 ET
773 205 956 266 NAVT.
991 219 1347 269 DESCRIPTro.
1371 221 1455 270 21}

155 336 377 386 *menfiilibus
406 334 569 376 adhiberi
599 333 691 375 solet
708 367 719 386 ,
757 331 931 376 consueto
980 335 1104 381 modo
1150 335 1283 376 includi
1332 338 1459 392 poffit.

155 402 253 442 Axis
283 400 533 440 extremitates
562 398 599 437 in
633 397 846 439 summitate
879 397 1079 439 fulcrorum
1100 401 1463 453 perpendicularium

156 464 190 505 K
211 496 221 514 ,
254 464 286 504 K
306 496 317 515 ,
350 463 542 503 firmentur
573 461 623 500 ita
643 493 653 513 ,
690 470 734 501 vt
766 462 875 502 solito
909 461 1032 502 modo
1064 462 1181 503 rotula
1214 463 1365 504 dentata
1407 464 1465 506 af.

153 526 232 567 fixa
266 537 304 566 et
334 525 483 565 cochlea
524 522 670 564 infinita
711 524 825 566 elater
865 525 912 565 ad
951 526 1109 566 lubitum
1150 526 1293 566 intendi
1336 527 1463 582 poffit.

151 590 264 631 Nolo
293 588 382 629 haec
414 586 548 640 singula
577 587 756 640 prolixius
785 588 986 630 describere
1005 622 1016 640 ,
1055 591 1237 643 quoniam
1278 602 1329 630 ex
1369 603 1463 631 con-

152 654 347 694 structione
380 649 664 703 horologiorum
698 653 932 705 portatiliur'n
966 652 1042 692 iam
1098 652 1178 693 latis
1228 664 1318 694 nota
1369 654 1461 696 sunt.

153 719 217 759 Ad
249 715 474 757 anteriorem
505 713 659 755 fundum
693 717 857 769 capsulae
888 714 1107 756 adfirmetur
1139 716 1334 757 brachium
1377 718 1465 758 lon-

149 781 231 834 gius
263 778 383 830 AE,
414 778 451 818 in
497 779 744 818 extremitate
795 779 924 819 indicis
969 779 1079 818 instar
1128 789 1372 819 extenuatum
1422 787 1463 820 et

147 843 390 897 cuspidatum.
457 838 657 882 Brachium
701 842 821 883 hocce
874 850 976 895 gerat
1034 842 1271 895 segmentum
1331 841 1461 883 circuli

147 904 191 947 D
223 906 258 947 L
306 906 394 946 hinc
443 904 528 945 inde
578 906 722 946 mobile
754 916 792 946 et
824 907 861 946 in
911 905 1091 945 exteriori
1132 906 1347 960 peripheria
1391 904 1461 946 sul·

147 979 271 1010 catum
291 1002 302 1022 ,
335 977 379 1009 vt
418 967 544 1008 fiinem
563 1000 576 1019 ,
615 969 675 1009 cui
717 969 863 1022 pondus
911 968 951 1008 H
1000 970 1192 1008 adnexum
1243 969 1323 1020 est,
1366 969 1463 1009 reci·

147 1044 239 1088 pere
269 1044 308 1073 et
342 1034 380 1073 in
414 1031 583 1071 distantia
625 1031 863 1071 conuenienti
911 1043 933 1070 a
981 1040 1110 1071 centro
1159 1043 1236 1084 ope
1284 1031 1460 1073 cochleae

145 1096 288 1136 firmari
321 1093 442 1149 poffit.
504 1091 611 1133 Dico
645 1093 833 1135 brachium
867 1093 906 1134 A
927 1093 963 1134 E
1003 1107 1092 1134 cum
1132 1095 1303 1148 pondere
1344 1096 1459 1136 adne-

144 1170 199 1199 xo
248 1157 286 1198 H
335 1160 373 1197 in
424 1156 539 1195 altum
589 1157 773 1196 eleuatum
805 1157 867 1196 vel
914 1154 1130 1208 depressum
1183 1156 1259 1207 iri,
1293 1157 1317 1196 fi
1359 1169 1457 1210 pon-

142 1222 208 1261 dus
243 1231 316 1271 per
346 1228 604 1271 quamcunque
636 1217 783 1257 causam
815 1218 1005 1272 grauitatis
1038 1218 1119 1258 suae
1148 1217 1300 1272 aliquod
1335 1219 1458 1261 incre-

136 1291 309 1323 mentum
342 1278 405 1320 vel
433 1279 724 1320 decrementum
756 1284 892 1335 capiat.
954 1277 1145 1322 Grauitate
1176 1283 1360 1324 nimirum
1387 1296 1458 1325 au-

135 1345 197 1387 &a
229 1342 337 1385 elates
369 1342 534 1395 capsulae
575 1343 729 1384 inclusus
766 1346 885 1398 magis
905 1353 908 1356 ’
929 1345 1231 1400 comprimitur3
1274 1347 1312 1388 id
1353 1348 1454 1401 quod

136 1409 217 1450 fieri
249 1407 382 1461 nequit
410 1407 546 1459 absque
575 1407 678 1460 quod
718 1407 911 1449 brachium
954 1408 1062 1448 simul
1102 1408 1333 1463 descendat3
1374 1411 1451 1450 im-

134 1473 282 1512 minuta
314 1481 407 1511 vero
434 1471 570 1510 eadem
604 1471 659 1511 vis
702 1470 847 1512 elateris
885 1471 1123 1527 praepollens
1164 1471 1358 1513 brachium
1398 1472 1454 1514 al-

134 1535 211 1576 tius
241 1535 408 1576 eleuabit.

272 1599 308 1647 ς,
328 1612 371 1647 4.
404 1598 465 1638 Vt
492 1597 567 1639 hae
597 1597 819 1639 variatIOnes
856 1597 1027 1640 exactius
1065 1598 1240 1652 cognosci
1281 1599 1419 1653 poffint
1438 1633 1449 1654 ,

138 1661 178 1702 in
227 1661 258 1701 F
288 1662 447 1714 erigatur
476 1661 667 1702 aflerculus
706 1662 1024 1716 perpendicularis
1041 1695 1053 1714 ,
1091 1662 1129 1702 in
1162 1674 1239 1718 quo
1277 1675 1326 1703 ex
1361 1676 1448 1704 cen-

141 1734 202 1765 tro
255 1723 294 1764 A
370 1725 475 1765 radio
535 1727 574 1766 A
608 1726 642 1766 E
699 1726 948 1767 describantur
997 1726 1139 1780 aliquot
1206 1739 1309 1767 arcus
1357 1739 1452 1767 con-

138 1788 291 1828 centrici
312 1819 321 1837 ,
354 1785 518 1839 sequenti
550 1789 694 1827 ratione
726 1790 762 1827 in
805 1792 887 1829 suos
928 1790 1058 1843 gradus
1098 1789 1298 1829 diuidendi.
1366 1791 1447 1830 Ad-

138 1851 245 1891 datur
277 1848 411 1889 scilicet
443 1850 486 1890 ad
520 1851 664 1903 pondus
704 1850 740 1889 H
781 1864 939 1904 granum
973 1864 1093 1892 vnum
1130 1862 1169 1891 et
1212 1861 1363 1892 notetur
1380 1853 1451 1893 de-

138 1913 272 1968 pressio
321 1912 452 1952 indicis
489 1913 543 1964 E,
586 1913 780 1953 habebitur
830 1915 876 1955 fic
920 1916 1051 1967 gradus
1096 1916 1272 1969 primu53
1307 1926 1344 1955 et
1374 1916 1447 1957 im-

136 1977 264 2030 positis
295 1975 483 2016 successiue
515 1975 681 2028 pluribus
713 1977 832 2028 granis
866 1977 1096 2018 habebuntur
1129 1988 1167 2018 et
1200 1978 1326 2031 reliqui
1345 2011 1355 2029 ‚
1396 1989 1446 2020 ex

136 2042 264 2093 quibus
312 2039 539 2078 incrementa
589 2038 651 2077 vel
682 2039 925 2080 decrementa
978 2043 1153 2093 ponderis
1200 2043 1443 2082 determinari

137 2113 326 2157 poterunt.
393 2102 456 2143 Ex
487 2102 548 2141 axi
580 2101 727 2141 haereat
759 2102 1067 2155 perpendiculum
1125 2104 1163 2144 A
1182 2103 1211 2144 P
1238 2137 1249 2156 ,
1299 2106 1345 2145 ad
1379 2119 1443 2145 cu-

133 2168 189 2207 ius
222 2178 394 2206 normam
428 2174 508 2205 tota
530 2163 703 2205 machina
723 2176 796 2218 ope
815 2166 1054 2208 cochlearum
1081 2164 1119 2207 G
1140 2201 1151 2219 ,
1193 2164 1231 2207 G
1253 2200 1263 2219 ‚
1301 2166 1339 2208 G
1361 2203 1370 2221 ‚
1404 2164 1443 2207 G

135 2230 175 2271 in
208 2229 319 2271 fitum
352 2229 631 2270 horizontalem
664 2227 810 2279 disponi
843 2230 967 2283 poffit.
1030 2231 1197 2274 Notetur
1213 2231 1347 2271 deinde
1374 2243 1441 2269 va-

694 2288 737 2332 D
769 2292 795 2333 d
830 2304 854 2331 2
1331 2294 1439 2334 riatio
