1971 2700
420 180 501 223 DE
531 174 745 222 BESTHS
779 178 1033 223 MARINJS
1339 184 1428 234 369

121 302 164 336 et
198 293 447 349 Marcgrawio
475 290 667 345 descripta.
736 290 895 332 Etenim
930 299 1042 332 notae
1075 303 1208 332 omnes
1227 325 1238 343 ,
1282 309 1376 350 quae
1408 311 1429 340 a

123 358 373 411 Marcgrawio
415 355 623 396 adferuntur
641 386 651 406 ,
686 356 726 395 in
758 355 879 395 nossro
911 353 1076 395 (abiecto
1122 356 1271 409 praesto
1322 360 1403 401 sunt
1420 394 1431 414 7

122 422 340 475 magnitudo
367 419 567 460 mediocris
599 418 697 458 canis
718 450 730 469 ,
762 427 873 471 caput
905 417 1163 459 subrotundum
1195 430 1234 460 et
1264 424 1358 476 quasi
1378 425 1426 464 fe-

121 486 240 525 linum
260 517 270 536 ,
303 483 403 524 natus
433 484 601 534 acutior,
633 482 735 523 oculi
764 481 861 535 nigri
893 481 1039 521 rotundi
1063 514 1074 534 ‚
1107 495 1209 524 aures
1239 484 1426 527 subrotun-

121 549 190 588 dae
209 580 219 600 ,
251 547 357 587 barba
376 579 387 598 ,
435 546 546 599 pedes
576 546 613 585 in
652 556 690 594 5.
727 546 867 598 digitos
901 546 1085 599 vnguibus
1103 545 1206 587 fuscis
1223 550 1340 590 acutis
1370 563 1425 591 ar-

122 620 247 651 mutos
277 611 378 651 diuisi
400 642 410 662 ‚
440 622 605 662 quorum
640 610 796 649 interior
830 608 979 662 reliquis
1009 610 1184 662 breuior,
1218 612 1285 664 pili
1321 613 1424 653 mol-

121 675 202 726 les,
235 675 301 713 atri
321 707 331 726 ,
364 672 509 713 clamor
542 674 697 713 iunioris
729 672 849 712 catelli
869 704 880 722 ‚
926 672 1047 712 vastus
1086 686 1108 712 a
1140 670 1356 717 Gammaris
1387 686 1427 717 et

121 737 303 791 piscibus3
337 736 561 777 desideratur
592 746 716 776 autem
750 748 773 775 a
805 732 905 774 Clar.
942 735 1043 777 Raio
1075 737 1242 776 curatior
1253 739 1426 780 dentium

122 810 161 840 et
210 800 346 853 pedum
396 800 616 853 descriptiO,
683 797 797 851 mihi¹
838 809 935 837 vero
999 807 1081 839 tota
1130 798 1283 841 historia
1346 803 1426 841 ani-

120 863 395 906 malisnimium
415 864 552 915 breuis,
573 874 709 904 manca
725 870 765 902 et
783 861 1026 915 superficiaria
1046 861 1210 903 videtur.
1231 864 1338 921 Quae
1357 876 1423 904 ve-

118 940 165 968 ro
196 926 246 967 ob
279 927 391 967 nimis
421 927 628 981 generalem
662 925 952 978 descriptionem
987 925 1100 965 obiici
1135 925 1269 979 poffint
1296 959 1307 979 ‚
1327 927 1427 981 quasi

117 991 282 1031 nostrum
313 991 410 1032 aliud
444 991 587 1032 animal
620 990 691 1042 sit,
722 988 814 1029 haec
847 987 940 1029 sunt.
1009 985 1062 1041 1.)
1098 986 1227 1030 Clima
1247 1023 1257 1041 ,
1291 992 1350 1031 cui
1370 1003 1423 1031 re-

115 1054 279 1108 spondeo
298 1087 310 1106 ,
327 1054 354 1095 fi
373 1055 551 1095 terrestria
569 1051 740 1094 animalia
780 1052 820 1090 in
839 1051 1084 1092 diuerfiffimis
1108 1052 1316 1094 climatibus
1334 1086 1344 1104 ,
1360 1054 1427 1095 vbi

116 1127 270 1157 naturae
288 1127 418 1171 aptum
439 1117 611 1171 pabulum
645 1116 812 1165 habent,
846 1116 1086 1154 inueniuntur
1104 1146 1115 1165 ‚
1146 1124 1192 1154 vt
1231 1116 1278 1155 de
1308 1115 1427 1157 sciuro

116 1180 269 1221 volante
296 1180 613 1235 Quimachpatlan
646 1178 830 1217 Indorum
849 1185 995 1216 certum
1013 1176 1067 1217 est
1083 1209 1094 1229 ‚
1125 1176 1200 1218 hoc
1231 1190 1280 1218 eo
1306 1180 1426 1234 magis

115 1243 155 1283 in
187 1253 329 1281 oceano
361 1239 532 1293 poffibile
562 1241 614 1281 est
646 1249 686 1280 et
716 1239 935 1280 animalibus
966 1240 1018 1282 ibi
1051 1240 1267 1295 degentibus
1285 1274 1296 1293 ‚
1332 1255 1424 1283 cum

112 1313 256 1359 praeter
289 1304 431 1344 vietum
468 1304 588 1344 vbiuis
619 1302 781 1344 eundern
802 1335 812 1355 ,
852 1304 966 1356 pisces
997 1303 1133 1345 scilicet
1166 1313 1203 1344 et
1233 1302 1426 1347 Gamma-

111 1380 200 1418 ros,
233 1379 346 1421 aquae
379 1366 471 1422 ipfae
501 1368 660 1408 climatis
693 1367 830 1407 aestum
863 1367 1069 1422 amphibiis
1111 1369 1232 1408 minus
1279 1368 1422 1410 senfibi-

112 1430 189 1470 lem
222 1432 390 1472 reddunt.
459 1427 515 1486 2.)
548 1432 611 1472 Ob
643 1432 738 1472 hanc
770 1432 959 1471 *rationem
994 1430 1152 1471 climatis
1179 1444 1258 1472 non
1306 1432 1424 1474 obstat

114 1494 216 1547 quod
248 1495 513 1548 Mai-cgrawius
545 1495 640 1548 pilos
672 1494 769 1534 haud
804 1495 938 1547 longos
988 1495 1087 1534 dicat
1105 1527 1116 1546 ,
1166 1507 1254 1536 cum
1290 1497 1421 1537 omnia

115 1557 293 1598 terrestria
326 1559 500 1599 animalia
533 1571 582 1598 eo
615 1558 798 1599 breuiores
832 1558 927 1611 pilos
959 1558 1118 1610 habent,
1136 1571 1214 1612 quo
1230 1558 1424 1600 calidiores

114 1621 284 1672 regiones
324 1622 518 1673 incolunt,
567 1622 652 1662 licet
683 1620 802 1674 specie
836 1633 913 1660 non
946 1622 1142 1674 differant,
1190 1623 1273 1662 imo
1325 1622 1422 1664 lutra

114 1685 256 1724 marina
286 1686 326 1725 in
356 1687 458 1726 terris
488 1684 768 1726 Kamtschaticis
796 1684 934 1725 aestate
966 1693 1074 1738 capta
1096 1717 1106 1736 ,
1145 1685 1317 1738 analogia
1349 1696 1423 1727 ter-

114 1747 282 1787 restrium
318 1750 533 1789 animalium
568 1751 713 1802 peiores
740 1757 781 1789 et
811 1749 996 1789 breuiores
1028 1749 1125 1802 pilos
1164 1748 1280 1789 habet
1299 1781 1309 1799 ,
1358 1763 1423 1789 ea-

114 1822 271 1863 rumque
304 1811 407 1862 pellis
446 1811 491 1850 ab
522 1811 622 1862 illis,
669 1823 762 1864 quae
792 1811 931 1861 hyeme
983 1812 1115 1851 nactae
1163 1810 1423 1864 dignoscuntur

117 1874 244 1925 primo
276 1874 404 1913 intuitu
434 1886 458 1913 a
493 1873 787 1926 mercatoribus·⁷
822 1884 890 1912 nec
926 1871 987 1928 3.)
1037 1874 1157 1914 obstat
1187 1875 1289 1928 quod
1320 1876 1422 1929 capi-

113 1937 160 1975 tis
192 1936 286 1989 pilos
317 1937 468 1976 obscure
499 1936 614 1976 fuscos
644 1945 683 1977 et
711 1935 903 1977 maculam
939 1937 1073 1978 flauam
1109 1937 1170 1978 sub
1201 1947 1346 1991 gutture
1364 1952 1420 1978 re-

116 2001 226 2053 periri
254 2000 352 2039 dicat
371 2032 381 2051 ,
412 2000 505 2040 hae-c
536 2010 694 2052 arguunt
727 1999 1027 2052 Marcgrawium
1070 1999 1321 2054 perfunc'torie
1351 2001 1420 2041 sal-

114 2063 187 2103 tim
222 2061 503 2116 descriptionem
539 2064 585 2103 ab
618 2075 696 2103 vno
729 2062 892 2103 subiecto
923 2063 1157 2104 concinnasse
1176 2095 1187 2115 ‚
1221 2076 1288 2104 nec
1320 2067 1422 2105 varia

112 2125 262 2168 diuerfis
308 2126 542 2179 temporibus
589 2134 630 2166 et
678 2127 856 2168 aetatibus
887 2127 927 2169 in
960 2127 1153 2168 confilium
1204 2127 1416 2169 adhibuiss‘e.

176 2189 298 2231 Tom.
318 2187 748 2234 11.1x10u.C0mmenta
992 2190 1031 2233 A
1062 2203 1083 2232 a
1115 2202 1137 2230 a
1344 2189 1417 2229 Ca-
