1971 2700
508 147 600 190 μ,
785 130 1120 176 METRODVS
1153 124 1519 179 οΒςΕωἎΝοι

509 249 655 307 capillis
687 249 763 292 hoc
798 253 922 293 modo
953 250 1113 292 extensis
1149 260 1296 305 aptetur
1338 250 1375 290 in
1418 247 1504 290 lbco
1546 245 1626 289 tubi
1667 247 1752 306 ita,
1790 259 1838 297 vt

513 330 588 373 pro
620 316 737 357 lubitu
769 317 1010 358 circumuerti
1046 315 1155 369 possit
1186 327 1275 355 cum
1309 314 1419 355 omni
1461 313 1642 354 sistemate
1690 317 1843 370 capillo.

515 394 615 422 rum.
693 381 746 422 Et
780 380 990 421 constructa
1021 380 1094 418 erit
1125 379 1301 420 machina
1331 379 1379 419 ad
1413 377 1544 432 pliases
1562 377 1849 435 Luminarium,

512 446 749 498 chordasque
790 443 994 484 defestiuas
1015 475 1026 495 ,
1066 453 1105 483 et
1136 443 1342 498 positiones
1371 442 1599 484 chordarum
1644 445 1689 484 ad
1736 443 1769 484 se
1811 445 1851 487 in

515 510 644 548 vicem
686 509 910 562 diurnosque
942 505 1210 548 Luminarium
1244 507 1291 547 ab
1332 508 1449 549 vnico
1491 507 1733 549 obseruatore
1781 518 1853 550 eo-

514 574 608 614 dem
652 583 857 614 momento
890 581 1059 614 accurate
1089 571 1335 616 obseruandas
1364 572 1546 627 requisita.

627 703 672 752 -§.
699 715 738 742 2.
783 702 1001 758 Priusquam
1037 702 1083 744 ad
1116 702 1281 744 modum
1315 702 1466 757 eclipses
1498 701 1763 744 Luminarium
1786 713 1857 758 pet

517 765 738 808 machinam
783 767 879 808 hanc
908 766 1154 807 obseruandas
1188 768 1458 821 exponendum
1502 770 1677 809 accedam
1700 801 1711 819 ‚
1761 779 1858 809 con·

519 831 623 870 venit
674 832 775 886 prius
808 831 1012 873 describere
1043 832 1273 872 methodum
1296 865 1307 883 ,
1338 844 1408 886 qua
1427 833 1613 873 dili-antiae
1632 831 1859 885 capillorum

518 893 671 936 illorum
717 895 984 949 parallelorum
1030 896 1068 935 in
1122 896 1291 950 partibus
1330 896 1457 937 circuli
1511 897 1673 938 maximi
1725 897 1862 951 absque

521 958 796 1001 mensuratione
837 959 1041 1005 ,distantiae
1093 960 1130 1000 in
1164 959 1316 1002 Terrae
1355 960 1548 1015 superficie
1592 961 1860 1011 assiimcndae,

519 1019 848 1080 obseruationeque
908 1024 1105 1069 ,stellarum
1156 1024 1411 1066 determinari
1469 1027 1632 1079 possint:
1697 1025 1862 1065 scilicet:

522 1086 780 1127 menliirentur
821 1089 978 1140 repititis
1025 1089 1196 1139 vicibus2
1238 1089 1381 1129 circino
1419 1090 1588 1140 maiori,
1622 1089 1712 1128 radii
1747 1089 1864 1130 trium

521 1150 585 1189 vcl
620 1160 779 1202 quatuor
811 1150 1035 1191 circulorum
1069 1153 1396 1193 concentricorum
1427 1153 1464 1191 in
1486 1153 1608 1193 limbo
1634 1152 1865 1205 quadrantis,

521 1211 562 1253 in
604 1213 702 1251 cuius
747 1212 840 1253 foco
873 1213 996 1266 capilli
1033 1213 1072 1254 hi
1106 1216 1222 1267 aptati
1259 1214 1364 1265 stunt,
1397 1216 1600 1255 ductorum
1622 1248 1632 1265 ,
1675 1227 1712 1255 et
1755 1228 1866 1269 aper·

524 1285 629 1315 turae
673 1274 802 1315 circini
837 1288 908 1329 pro
929 1277 1096 1328 quolibet
1129 1279 1234 1317 radio
1278 1278 1397 1318 sanstae
1430 1280 1665 1332 applicentur
1714 1278 1865 1320 seorsim

479 1363 485 1366 -
525 1340 574 1380 ad
618 1337 755 1379 scalam
792 1340 829 1379 in
865 1349 988 1393 partes
1020 1340 1187 1392 aequales
1222 1341 1454 1380 exactiffime
1487 1343 1643 1381 diuisam
1668 1375 1680 1393 ,
1710 1353 1748 1383 ct
1794 1356 1865 1384 nu-

531 1416 658 1445 merus
700 1404 866 1458 partium
911 1404 1023 1444 lcalac
1064 1404 1262 1456 vnicuique
1306 1405 1411 1444 radio
1451 1403 1675 1458 respondens
1715 1404 1868 1446 seorsim

526 1479 691 1509 notetur.
771 1467 925 1509 Deinde
958 1469 1115 1522 eligatur
1149 1467 1379 1521 inspiciendo
1415 1480 1480 1522 per
1513 1470 1645 1508 tubum
1682 1469 1867 1521 quadran-

531 1533 578 1572 tis
610 1543 700 1572 nota
734 1533 854 1586 aliqua
889 1531 1058 1572 distincfta
1079 1534 1114 1572 in
1136 1530 1316 1573 aedificiis
1337 1533 1435 1573 vrbis
1453 1565 1464 1583 ,
1485 1533 1545 1572 vel
1563 1532 1647 1572 alibi
1670 1533 1706 1572 in
1726 1533 1868 1574 Terrae

528 1596 725 1650 superficie
760 1597 823 1637 sita
847 1631 856 1647 ‚
896 1598 941 1637 ad
978 1609 1139 1650 eamque
1161 1630 1171 1644 ,
1212 1597 1336 1651 posito
1385 1597 1586 1650 quadrante
1637 1606 1677 1636 et
1727 1596 1867 1651 capillo

530 1657 570 1701 G
601 1658 636 1700 C
671 1662 707 1701 in
743 1662 808 1701 litu
845 1661 982 1702 exacte
1022 1661 1189 1705 verticuli
1212 1694 1222 1710 ,
1253 1661 1432 1715 dirigatur
1465 1661 1620 1714 capillus
1659 1658 1693 1701 B
1725 1660 1768 1701 D
1818 1662 1872 1702 ita

530 1734 573 1764 vt
614 1726 773 1766 mndcm
810 1739 877 1779 per
907 1727 1040 1766 tubum
1076 1725 1285 1778 quadrantis
1319 1724 1429 1765 iilam
1465 1725 1599 1765 cxaCoe
1635 1734 1740 1778 tegat
1764 1757 1774 1777 ,
1812 1724 1874 1766 vel

532 1789 696 1843 stringat.
767 1789 962 1830 Notcntui·
997 1791 1035 1829 in
1071 1789 1144 1829 hoc
1179 1789 1244 1830 situ
1278 1789 1489 1843 quadrantis
1521 1799 1736 1829 atramento
1759 1821 1770 1839 ,
1806 1788 1870 1830 vel

531 1854 606 1893 alio
639 1867 857 1907 quocunque
898 1854 1057 1905 colore,
1114 1866 1234 1907 penna
1286 1853 1348 1893 vel
1400 1853 1609 1907 penicillo,
1669 1863 1872 1906 excepto,

532 1918 673 1970 puncta
720 1919 975 1972 petili-riarum
1030 1919 1065 1958 in
1101 1919 1224 1958 limbo
1265 1918 1474 1972 quadrantis
1512 1916 1711 1956 ductarum
1764 1928 1874 1958 men-

533 1980 738 2022 surnorum
789 1984 979 2023 radiorum
1004 2016 1013 2032 ,
1047 1983 1083 2021 in
1118 1983 1247 2034 quum«
1281 1982 1435 2034 capillus
1468 1993 1555 2021 cum
1593 1979 1823 2034 pondusculo
1849 1992 1870 2021 e

535 2055 667 2083 centro
711 2048 920 2096 quadrantis
954 2048 1066 2086 libere
1104 2044 1278 2098 suspensus
1311 2045 1460 2084 casdem
1497 2044 1603 2085 secat.
1669 2044 1739 2086 His
1770 2044 1871 2086 sum-

524 2119 601 2157 ,ma
644 2107 980 2164 circurnlpcftionc
1013 2109 1172 2165 peractis
1203 2109 1379 2163 dirigatur
1414 2110 1460 2150 ad
1493 2110 1654 2150 candem
1678 2119 1811 2149 notam
1833 2108 1870 2148 in

1726 2173 1869 2215 codem
