1971 2700
320 186 755 235 EXPERIMENTA
787 189 861 231 ET
898 189 1319 255 CONSECTARIA.
1388 205 1472 245 243

168 305 392 360 requiritur,
425 305 520 345 intra
551 301 585 343 (e
618 301 696 341 iam
730 309 904 355 paratum
938 310 1026 343 ante
1059 303 1260 357 continet3
1294 303 1380 344 illud
1409 319 1476 347 ve-

168 381 240 421 ro,
273 381 478 422 quanquam
511 365 643 420 aliquid
679 364 846 406 alimenti
878 365 924 406 ad
956 365 1167 419 plumulam
1201 367 1474 409 extendendam

167 433 204 472 in
238 432 270 472 se
304 429 595 485 comprehendat
614 460 625 478 ,
658 441 754 482 opus
801 438 931 479 tamen
982 429 1095 473 habet
1114 462 1125 480 ,
1177 440 1220 470 vt
1252 432 1398 472 externi
1432 432 1473 472 li-

167 496 293 549 quoris
322 495 408 549 quid
440 506 507 547 per
539 492 738 533 cuticulam
773 493 954 546 recipiat,
989 494 1092 548 quod
1125 494 1219 534 bene
1251 495 1397 536 dictum
1423 496 1474 537 est

165 559 203 599 in
231 557 394 613 Journal
416 557 479 598 des
495 551 648 610 favans
669 586 681 606 ,
715 569 815 597 anno
853 560 972 595 1666
991 587 1003 609 ,
1036 570 1123 612 pag.
1161 569 1280 611 400,
1314 556 1366 600 les
1392 561 1475 615 pois

166 634 208 663 ou
237 621 289 665 les
306 621 419 674 seves
438 652 449 672 ,
479 621 583 660 etant
613 621 681 660 mis
715 620 809 662 dans
841 619 879 661 la
911 627 1010 662 terre
1028 654 1040 673 ,
1073 622 1226 663 attirent
1272 621 1350 663 leur
1399 623 1473 664 ali-

164 692 260 726 ment
290 697 337 725 au
365 691 520 726 travers
547 683 593 724 de
626 681 704 724 leur
737 685 892 738 turrique.
957 684 1054 724 Puto
1090 685 1202 737 igitur
1219 717 1230 737 ,
1271 686 1473 727 emendan-

164 749 210 789 da
243 748 313 790 effla
344 747 454 788 verba
474 779 486 799 ,
519 759 611 800 quae
645 756 844 788 occurrunt
874 746 913 787 in
946 747 1137 803 Speaacle
1154 748 1199 787 de
1230 748 1270 788 la
1287 749 1435 790 Nature
1457 780 1470 802 ‚

163 812 210 853 de
243 813 481 866 vegetatione
515 809 726 863 plantarum
747 844 758 864 ‚
789 810 890 851 hunc
922 811 960 850 in
996 811 1188 851 modum:
1223 813 1387 865 „Apres
1404 823 1472 867 que

165 875 239 927 „la
269 875 429 917 radicale
461 869 491 916 s'
507 872 560 928 eft
591 876 736 915 nourrie
767 874 830 916 des
850 869 942 928 fitcs
960 907 971 926 ,
1005 869 1066 928 qu’
1081 874 1147 915 elle
1178 876 1251 915 tire
1267 875 1331 916 des
1347 874 1442 918 lobes
1459 909 1471 929 ‚

162 936 244 993 (led
277 939 335 993 qui
368 937 490 979 succus
523 937 569 978 ab
587 939 796 978 extrorsum
816 938 996 978 influente
1015 937 1181 978 humore
1197 950 1312 992 aquae
1331 939 1472 980 diluen-

159 1005 225 1043 dus
256 1014 356 1056 prius
386 1002 438 1042 est
458 1035 468 1052 ,
502 1011 540 1041 et
574 1002 811 1053 corrigendus
830 1000 863 1056 ,)
902 1000 1004 1053 „elle
1033 1008 1163 1041 trouve
1193 1001 1288 1042 dans
1337 1002 1472 1044 l’enve-

156 1097 184 1117 ‚,
202 1065 300 1120 Ioppe
319 1098 330 1117 ,
363 1076 405 1105 ou
437 1065 530 1105 dans
561 1063 587 1104 l’
602 1075 724 1104 econ-e
756 1065 800 1104 de
834 1064 874 1106 la
897 1066 1035 1117 graine
1049 1065 1077 1113 ,’
1098 1077 1164 1105 une
1190 1067 1305 1119 petite
1342 1077 1471 1106 auver—

158 1136 273 1180 „ture
290 1161 301 1179 ,
334 1130 395 1182 qui
426 1127 565 1182 repond
594 1128 620 1168 ὰ
636 1123 688 1179 sa
714 1130 836 1180 pointe
856 1157 867 1176 ,
901 1127 950 1174 ἐφ
990 1121 1091 1179 qu'on
1137 1125 1316 1181 appersoit
1373 1140 1471 1169 avec

157 1189 222 1243 „le
254 1190 464 1244 micrqlcope
513 1189 608 1228 dans
646 1188 680 1228 le
711 1189 787 1230 bois
819 1190 883 1230 des
914 1189 998 1243 plus
1030 1189 1117 1231 durs
1149 1203 1289 1239 noyaux
1308 1223 1318 1243 ‚
1351 1191 1470 1244 egale-

154 1259 284 1305 „ment
314 1263 445 1290 comme
475 1250 570 1291 dans
604 1248 642 1290 la
671 1250 757 1291 robe
788 1251 854 1293 des
876 1253 1066 1305 graines„
1116 1250 1283 1308 (inuenit
1308 1256 1466 1297 radicula

151 1313 227 1355 hoc
261 1313 396 1354 ostium
430 1313 496 1355 fibi
531 1323 791 1367 praeparatum
812 1348 823 1368 ‚
858 1314 917 1356 sed
949 1316 1044 1357 nihil
1076 1316 1313 1370 profuturum
1335 1351 1346 1370 ,
1398 1318 1465 1360 nifi

151 1377 199 1418 ab
230 1377 406 1418 affluente
440 1390 533 1431 aqua
567 1387 722 1417 externa
756 1389 854 1419 totus
886 1390 1021 1419 cortex
1071 1380 1171 1433 prius
1219 1383 1434 1422 emolliatur
1453 1413 1464 1434 ,

151 1449 195 1481 vt
227 1441 442 1494 erumpenti
472 1439 585 1480 radici
617 1440 691 1480 fine
725 1454 827 1482 noxa
860 1443 991 1483 cedere
1023 1441 1169 1499 potiit.)

268 1503 319 1543 11.
355 1502 419 1544 De
455 1505 603 1557 origine
635 1503 856 1546 insectorum
876 1538 887 1558 ‚
923 1515 985 1547 aut
1035 1507 1290 1559 pediculorum
1311 1540 1322 1561 ‚
1375 1520 1463 1559 quos

153 1566 316 1619 primum
347 1580 368 1608 a
401 1580 467 1608 me
499 1576 671 1621 repertos
704 1569 742 1608 in
775 1569 962 1623 experim.
1008 1569 1041 1610 1.
1083 1570 1252 1624 descripli
1271 1603 1282 1623 ‚
1325 1583 1464 1625 anceps

153 1627 227 1668 fere
259 1629 406 1671 haereo.
470 1628 626 1684 Aspicio
657 1630 741 1671 illos
771 1645 818 1672 eo
851 1632 985 1673 maiori
1037 1633 1310 1686 admiratione,
1360 1635 1463 1688 quod

153 1692 229 1732 iam
263 1694 435 1734 animum
469 1707 597 1735 meum
618 1693 720 1735 subiit
738 1695 911 1751 assertum*
929 1696 1018 1737 illud
1038 1694 1227 1738 Celeberr.
1256 1695 1463 1753 Mzffchen-

154 1753 287 1796 broekii
307 1787 317 1805 ,
349 1758 384 1795 in
416 1759 585 1796 oratione
619 1757 662 1797 de
706 1755 888 1813 sapientia
929 1761 1057 1802 diuina
1076 1793 1086 1810 ,
1135 1772 1252 1813 1744
1302 1761 1428 1802 habita
1450 1795 1460 1813 ,

154 1830 238 1871 pag.
279 1831 329 1867 23
369 1819 547 1858 dicentis:
585 1816 745 1873 phaseoli
763 1816 901 1863 'tm-cici
921 1855 932 1874 ,
971 1824 1150 1866 hominum
1195 1824 1349 1865 del'ciae
1368 1858 1378 1877 ‚
1412 1826 1463 1866 ab

152 1878 286 1935 inferiis
319 1889 465 1922 manent
495 1882 636 1922 intac'li.
701 1883 827 1925 Retuli
845 1885 892 1924 de
925 1885 1000 1926 hoc
1034 1886 1302 1938 phaenomeno
1321 1889 1364 1927 ad
1393 1889 1461 1929 Per

153 1945 326 1987 illustrem
363 1944 411 1984 L.
431 1944 478 1987 B.
500 1943 566 1985 De
585 1945 645 1984 W
647 1944 717 2001 off
728 1979 738 1998 ‚
773 1947 811 1987 in
844 1948 995 2001 epistola
1033 1949 1077 1988 ad
1115 1948 1231 2002 ipsum
1266 1953 1348 1991 data
1392 1953 1458 1992 Pc-

154 2008 296 2061 tropoli
329 2009 366 2048 d.
405 2021 427 2058 3
465 2008 701 2049 Nouembris
740 2017 889 2063 17383
924 2014 983 2064 qui
1018 2011 1089 2052 Vir
1122 2013 1284 2053 summus
1311 2017 1457 2067 sequen-

154 2072 205 2110 tia
238 2072 333 2113 mihi
366 2072 555 2125 respondit
577 2084 587 2124 3
621 2072 657 2112 d.
693 2073 730 2112 d.
770 2073 971 2127 Marbm‘gi
1004 2075 1194 2117 Castorum
1211 2110 1220 2127 ,
1239 2077 1379 2130 Aprilis
1399 2095 1427 2130 4
1445 2114 1455 2133 ‚

157 2146 290 2188 1739.
356 2133 585 2180 Animula-ula
604 2167 616 2188 ‚
646 2137 776 2190 quibus
803 2136 976 2193 planities
1006 2140 1103 2181 inter
1120 2136 1165 2193 se
1196 2143 1383 2194 contiguas
1408 2143 1455 2184 lo-

712 2200 751 2239 H
783 2200 811 2241 h
846 2214 869 2239 2
1330 2207 1450 2246 borum
