1971 2700
479 251 572 294 ³42
829 234 915 282 DE
946 235 1088 281 BEST
1084 233 1159 279 IIS
1193 229 1467 279 MARINIS.

475 353 649 407 ihngniue
681 352 826 407 turgida
859 353 1030 393 coerulea
1062 359 1165 392 erant
1186 383 1197 403 ,
1231 348 1380 404 aspee'tn
1423 345 1711 401 iucundissima,
1744 361 1801 393 at-

481 417 674 460 busculam
708 416 911 458 referebant
942 415 1142 456 ramosam.
1208 413 1313 454 Haec
1348 413 1459 454 simili
1492 414 1636 453 ratione
1662 413 1701 452 in
1728 408 1804 455 leo·

481 495 530 523 ne
573 483 721 522 marino
762 490 801 520 et
839 480 933 520 lutra
968 480 1112 520 marina
1146 478 1296 531 inueni,
1332 478 1371 518 in
1404 476 1530 531 phoca
1580 486 1708 518 :intem
1742 474 1808 518 fiu-

482 546 555 585 tim
588 545 782 599 graciliora
816 553 856 584 et
889 544 1013 584 minus
1044 541 1253 596 conspicua.

598 607 716 663 Splen
756 612 798 655 12
829 607 1012 662 pollicem
1047 608 1164 648 latum
1187 639 1198 658 ‚
1235 611 1277 652 13
1311 605 1449 660 pedem
1499 604 1661 659 longum
1714 602 1809 646 nihil

479 671 660 727 singulare
695 672 847 714 obtulit.
915 671 1039 713 Totus
1072 670 1331 712 intestinorum
1363 670 1497 712 canalis
1527 682 1547 709 a
1580 670 1662 723 gula
1681 668 1729 709 ad
1748 680 1809 708 re-

483 737 591 778 &um
626 738 819 779 vermibus
856 749 896 777 2.
933 747 974 784 3.
1008 736 1162 790 pollices
1194 734 1316 789 longis
1351 734 1600 776 setiformibus
1631 733 1723 775 albis
1739 732 1810 774 ob-

482 799 584 842 sess‘us
626 812 705 843 erat
724 836 735 854 ,
769 814 862 857 quos
894 813 983 842 cnm
1017 813 1109 855 aqna
1141 800 1284 840 marina
1315 798 1506 840 hauriunt.

599 865 776 907 Intestina
816 879 833 905 1
845 876 885 915 ς.
922 865 1063 905 vicibus
1104 872 1189 903 toto
1227 864 1423 904 animante
1454 863 1626 917 longiom
1670 862 1811 916 vbique

482 929 548 972 fibi
581 930 745 985 aequalia
776 928 876 981 sunt,
908 937 1075 982 excepto
1107 925 1185 966 solo
1218 927 1345 979 resto,
1377 937 1415 968 et
1447 928 1558 981 plane
1593 927 1698 979 talia,
1718 939 1811 981 qua-

481 992 533 1034 lia
566 995 605 1034 in
640 993 806 1035 mustelis
839 991 1060 1044 obstruam,
1094 991 1218 1031 tenuia
1252 991 1355 1045 digiti
1389 992 1600 1032 auricularis
1623 990 1810 1043 craffitie,

482 1058 634 1099 minom
669 1058 836 1099 multum
870 1068 985 1112 quam
1019 1056 1058 1095 in
1099 1054 1224 1109 phoca
1265 1064 1305 1094 et
1346 1055 1440 1096 lutra
1467 1057 1641 1107 marina,
1673 1056 1812 1109 absque

484 1120 568 1161 vllis
601 1122 757 1162 valnulis
811 1131 849 1161 et
883 1121 1020 1173 mgis,
1055 1127 1157 1160 caret
1190 1117 1336 1173 insuper
1377 1118 1525 1160 valuula
1555 1118 1631 1160 coli
1673 1131 1713 1158 et
1741 1130 1813 1172 ap-

484 1185 644 1240 pendice
679 1183 924 1225 vermiformi
956 1183 1060 1223 coeci
1081 1215 1091 1234 ,
1125 1185 1172 1222 ita
1203 1192 1241 1221 et
1275 1183 1444 1223 intestina
1466 1183 1612 1236 prorsus
1638 1182 1685 1222 ab
1703 1182 1812 1224 omni

483 1249 645 1292 materia
678 1261 795 1289 vacua
827 1260 870 1288 ac
903 1245 1066 1300 collapsa
1106 1254 1211 1286 emnt
1234 1277 1244 1296 ,
1288 1245 1407 1286 multa
1460 1245 1690 1299 pinguedine
1741 1247 1815 1287 cir-

481 1312 682 1364 cumdata,
718 1312 756 1351 in
789 1311 964 1351 duodeno
981 1322 1116 1364 pamm
1149 1309 1315 1349 saburrae
1348 1309 1462 1349 flanae
1482 1309 1591 1349 instar
1609 1310 1779 1349 meconii
1800 1342 1811 1361 ,

482 1387 526 1418 ac
560 1380 597 1416 in
633 1375 738 1416 reeto
772 1374 868 1415 fccoe
900 1375 1014 1415 luteas
1047 1371 1271 1427 compa-stas
1311 1371 1481 1412 humanis
1533 1385 1610 1413 non
1659 1373 1814 1413 absimi-

484 1439 537 1482 les
565 1439 828 1494 graveolentes
859 1439 995 1493 reperi.

601 1505 846 1546 Peritoneum
887 1503 1031 1543 firmins
1062 1513 1104 1543 ac
1137 1503 1174 1543 in
1208 1500 1291 1542 aliis
1324 1499 1550 1541 terrestribus
1567 1497 1814 1552 animalibus,

485 1568 714 1625 pellucidum
749 1578 787 1609 et
821 1566 1018 1608 actuosum
1053 1567 1119 1607 est.

601 1633 813 1674 Omcntum
849 1630 1104 1674 tenuissimum
1141 1630 1253 1671 breue
1290 1629 1335 1671 ad
1386 1627 1644 1670 vmbilicalcm
1693 1625 1813 1669 saltim

481 1693 678 1754 iegioncm
713 1698 921 1751 pertingit,
957 1693 1001 1735 vt
1030 1692 1070 1735 in
1107 1694 1246 1749 phoca.

492 1805 496 1813 Ι
601 1762 648 1804 P
643 1775 778 1802 ncrcas
829 1761 1005 1814 vtiinque
1057 1760 1103 1800 ad
1143 1759 1361 1800 duodenum
1397 1770 1419 1798 e
1460 1757 1588 1799 multis
1635 1755 1815 1810 glandulis

489 1812 686 1897 juglandis
705 1825 809 1874 mole
843 1815 1086 1884 conflatum,
1137 1823 1232 1864 vltra
1267 1824 1406 1878 pedem
1459 1822 1650 1875 longum,
1701 1819 1814 1861 dustu

485 1886 722 1945 τίιίίιιιςίιιιιο
731 1889 902 1944 gaudet.

607 1954 883 1996 Mesenterinm
931 1952 1078 2007 duplex
1110 1951 1230 1994 tenuis
1281 1950 1503 1992 membrana
1537 1948 1588 1988 est
1623 1948 1815 2003 multaque

490 2017 719 2072 pinguedine
753 2017 945 2065 :,1bnndat
978 2016 1193 2070 glandulam
1240 2026 1416 2068 ριιιιειειιε
1465 2012 1559 2053 nielli
1612 2015 1812 2066 continet,

484 2094 532 2125 nc
567 2080 711 2134 ininper
745 2081 869 2121 multis
901 2079 980 2119 aliis
1015 2073 1221 2118 minoribns
1254 2077 1340 2116 hine
1376 2076 1460 2116 inde
1502 2074 1762 2117 dim-minatis.

609 2142 872 2197 Diaphmgma
893 2150 1015 2181 totum
1047 2138 1291 2183 mnscnioinm
1331 2151 1370 2188 3.
1407 2155 1448 2196 4.
1484 2141 1596 2181 lineas
1627 2140 1782 2182 crastum
1801 2171 1813 2192 ,

489 2208 653 2253 validius
685 2206 798 2263 longe
819 2239 831 2263 ,
863 2218 976 2261 quam
1011 2205 1049 2246 in
1082 2202 1304 2247 animalibus
1354 2204 1611 2258 terrestribus,
1661 2205 1698 2246 in
1733 2213 1814 2243 vno

1559 2280 1561 2283 ·
1745 2264 1810 2308 sal-
