1971 2700
305 1612 371 1654 tig.
397 1621 428 1653 7.

518 139 610 185 448
802 126 1129 174 METHOD1'S
1164 123 1532 171 OBSkRVANDI

513 246 653 301 press'ae
688 245 920 286 innotescant
943 276 953 296 ,
988 254 1025 284 et
1059 254 1213 284 notetur
1247 253 1400 296 tempus
1449 241 1557 282 huius
1607 241 1834 286 obseruatioo

509 312 579 351 nis.
645 309 829 351 Similiter
863 310 1106 349 obseruentur
1143 307 1201 346 2⁶¹⁰
1247 307 1417 346 transitus
1448 306 1572 346 stellae
1606 317 1675 359 per
1696 319 1832 350 vuam-

508 387 699 430 quamque
733 375 851 414 etiam
885 372 1097 412 distantiam
1132 371 1358 425 capillorum
1392 370 1428 410 in
1460 371 1530 412 situ
1564 371 1689 422 capilli
1741 369 1833 414 Ge

507 441 556 480 ud
590 440 765 478 diurnum
798 436 926 476 stellae
959 434 1152 489 parallelo.
1217 434 1507 488 Inueniaturque
1544 433 1611 482 3¹¹³
1646 435 1833 480 diameter

511 502 644 543 Lunae
679 502 718 540 in
752 499 918 554 partibus
951 499 1140 553 temporis
1171 498 1217 538 ad
1250 508 1403 539 motum
1437 499 1561 540 stellae
1591 499 1745 550 relatis,
1764 511 1834 540 eo-

511 567 601 606 dem
639 566 762 605 modo
781 597 791 616 ,
822 576 900 617 quo
935 563 1039 604 idem
1072 563 1181 612 §9no
1213 561 1354 603 factum
1387 564 1451 604 est.
1524 564 1592 604 His
1625 562 1835 616 praemissis

516 632 572 680 4¹⁰
606 630 786 682 dirigatur
819 629 926 668 tubus
956 641 1044 669 cum
1097 627 1283 668 sistemate
1330 627 1556 680 capillorum
1610 627 1655 667 ad
1688 626 1833 679 stellam

511 699 562 738 ita
584 726 595 744 ,
631 703 675 733 vt
709 693 843 733 eadem
880 692 920 731 in
955 691 1099 746 capillo
1131 688 1225 734 GC
1258 703 1329 745 per
1361 692 1549 746 integram
1589 692 1666 731 eius
1716 703 1837 745 appa-

509 761 692 800 ritionem
726 758 764 797 in
800 756 894 797 rubo
929 757 1098 797 immoto
1133 767 1436 810 promoucatur,
1471 767 1699 808 noteturque
1735 765 1837 796 tem·

509 823 616 879 poris
650 831 896 862 momentum
930 820 1080 874 quando
1111 832 1154 860 ca
1189 820 1310 860 modo
1343 819 1531 874 descripto
1582 820 1654 859 lata
1695 819 1742 859 ad
1773 832 1837 861 ca·

508 888 644 942 pillum
665 886 746 925 tubi
775 885 956 925 vltimum
979 885 1084 924 verb.
1104 896 1159 938 gr.
1181 882 1214 924 B
1235 883 1274 925 D
1292 884 1450 937 appellit
1471 898 1483 938 ·‚
1517 894 1556 924 et
1581 886 1634 932 51⁰
1666 884 1838 924 immoto

510 952 605 992 tubo
637 949 896 1002 iistemateque
930 948 1154 1002 capillorum
1190 949 1419 1002 expectetur
1439 982 1449 1000 ,
1481 951 1607 989 donec
1644 948 1833 1001 punc'tum

511 1015 602 1057 illud
635 1015 674 1054 in
705 1013 808 1054 disco
842 1011 971 1053 Lunae
1004 1013 1109 1066 supra
1141 1013 1340 1053 definitum
1362 1045 1372 1064 ,
1407 1014 1536 1053 tubum
1577 1013 1803 1065 ingrediatur
1824 1044 1835 1064 ‚

510 1081 559 1120 ad
591 1078 851 1133 capillumque
902 1077 1100 1132 obliquum
1144 1077 1363 1118 alterutrum
1385 1108 1395 1128 ‚
1443 1087 1482 1116 et
1517 1087 1665 1130 praeter
1714 1088 1837 1117 vnum

511 1141 741 1195 capillorum
778 1140 1051 1194 parallelorum
1085 1153 1353 1195 quemcunque
1403 1140 1450 1181 ad
1483 1141 1666 1194 capillum
1719 1142 1838 1181 etiam

509 1203 599 1246 BC
631 1205 798 1257 appellat
818 1237 828 1256 ,
862 1216 1023 1257 quorum
1057 1203 1280 1258 appulsuum
1315 1204 1492 1243 omnium
1527 1213 1704 1256 tempora
1738 1203 1839 1245 seor-

509 1269 581 1311 sim
613 1277 823 1307 notentur:
880 1266 934 1307 Et
968 1268 1115 1309 dabitur
1155 1280 1205 1308 ex
1238 1267 1295 1307 his
1324 1266 1645 1306 obici-nationibus
1695 1268 1836 1321 positio

511 1332 634 1374 centri
668 1330 799 1371 Lunae
833 1331 879 1370 ad
913 1329 1059 1371 stellam
1079 1363 1090 1384 ‚
1125 1343 1307 1384 tempore
1343 1328 1516 1383 appulsus
1564 1331 1691 1383 puncti
1743 1333 1838 1372 illius

511 1397 551 1439 in
585 1395 684 1436 diico
718 1393 849 1435 Lunae
881 1391 1059 1448 assumpti
1093 1394 1140 1435 ad
1170 1394 1352 1449 capillum
1386 1391 1421 1433 B
1453 1391 1496 1432 D
1529 1393 1717 1446 obtinens.

631 1459 666 1509 §.
694 1472 765 1499 ιι.
807 1457 1059 1512 Reprelentet
1109 1459 1216 1499 enim
1267 1457 1424 1498 circulus
1457 1453 1634 1498 ACEG
1669 1469 1758 1497 cum
1795 1457 1839 1498 li·

513 1526 597 1566 neis
631 1523 818 1577 parallelis
853 1521 984 1563 interse
1017 1532 1056 1563 et
1090 1522 1135 1564 ad
1168 1523 1307 1563 lineam
1340 1517 1424 1564 GC
1444 1521 1838 1575 perpendicularibus,

514 1589 686 1642 lineaque
720 1587 870 1641 obliqua
902 1585 977 1627 BF
1011 1587 1056 1627 ad
1091 1587 1246 1639 angulos
1279 1585 1494 1626 iemiredtos
1515 1585 1716 1625 intersectis
1733 1598 1836 1626 cam-

516 1666 610 1708 pum
649 1652 726 1692 tubi
761 1664 848 1692 cum
884 1650 1072 1692 sistemate
1123 1651 1354 1704 capillorum
1391 1650 1487 1697 §slo
1527 1649 1743 1702 descripto,
1780 1649 1842 1689 lit-

510 1730 584 1771 que
626 1716 781 1756 circulus
814 1715 915 1756 XN
935 1715 1003 1756 tL
1025 1746 1035 1764 ‚
1069 1716 1171 1755 cuius
1202 1724 1370 1756 centrum
1404 1713 1437 1755 L
1458 1745 1469 1764 ,
1503 1712 1639 1763 Luna,
1675 1713 1721 1755 M
1741 1726 1839 1767 pun-

510 1782 614 1822 Ctum
652 1793 721 1833 pro
753 1779 1015 1820 obtem-itione
1050 1781 1088 1819 in
1128 1777 1230 1820 disco
1264 1778 1394 1819 Lunae
1436 1774 1667 1830 affiimptum
1688 1811 1699 1829 ,
1740 1778 1838 1820 linea

510 1857 537 1900 q
568 1857 591 1885 r
632 1845 785 1885 diurnus
828 1846 936 1893 eius,
977 1845 1015 1884 in
1051 1856 1128 1898 quo
1171 1843 1275 1884 idem
1319 1841 1530 1883 incedendo
1562 1842 1607 1880 ad
1656 1842 1837 1894 capillum

514 1909 779 1962 parallelorum
815 1909 982 1960 primum
1019 1908 1104 1948 ΑΕ
1138 1908 1176 1947 in
1209 1920 1258 1959 r,
1296 1907 1340 1946 ad
1373 1906 1567 1958 obliquum
1602 1903 1675 1945 BF
1712 1907 1749 1945 in
1783 1907 1837 1957 d,

514 1983 551 2011 et
587 1973 631 2011 ad
668 1972 888 2024 parallelum
926 1972 1110 2012 x'ltimum
1145 1970 1229 2012 BD
1265 1972 1302 2010 in
1338 1969 1381 2010 Μ
1416 1968 1607 2020 appellit,
1644 1969 1739 2009 linea
1774 1982 1838 2010 au-

516 2045 595 2074 tem
633 2034 706 2075 SG
745 2037 895 2075 diurnus
929 2035 1054 2075 stellae
1088 2047 1175 2075 cum
1231 2034 1371 2086 capillo
1402 2030 1491 2073 GC
1526 2045 1737 2085 congruens
1758 2067 1767 2084 ,
1799 2044 1838 2074 ct

515 2098 617 2139 stella
651 2099 689 2138 in
723 2097 779 2138 S:
815 2100 950 2139 onmia
992 2099 1030 2138 in
1063 2110 1112 2138 co
1145 2098 1213 2138 situ
1245 2097 1292 2138 ad
1324 2097 1358 2138 se
1391 2097 1559 2138 inuicem
1611 2098 1839 2152 capillosque

1727 2163 1804 2203 tubi
1825 2194 1835 2212 ‚
