1971 2700
136 230 395 280 MVSCVLI
413 230 475 274 IN
491 223 634 275 PECT
635 223 754 270 ORE
771 224 1329 273 PRAETERNATVRAL.
1353 241 1409 282 27·

136 359 189 387 ex
208 354 292 387 ortu
318 343 513 387 communi
547 337 657 396 (38)
689 340 793 383 redte
826 339 960 383 sursum
1001 340 1245 384 adscendebat
1285 342 1391 384 iuxta
1409 343 1547 384 et(38>
1571 344 1639 377 ibid

139 421 243 464 pone
298 417 477 450 exortum
519 403 673 445 musculi
705 405 899 459 pectoralis
930 406 1053 446 dextri
1086 419 1106 446 a
1137 406 1311 461 margine
1342 408 1448 461 prio-

78 520 87 525 χ
139 475 170 513 ri
202 472 314 512 sterni
355 467 454 525 (39)
497 467 632 508 leniter
661 469 896 522 gracilescens
931 470 978 511 ad
1009 469 1290 512 sustentaculum
1309 459 1554 530 vsque,(³{‘0)
1575 462 1639 493 “³¹³³-

140 536 239 589 quod
271 535 464 576 clauiculae
494 540 605 585 caput
637 532 780 586 recipit,
808 531 946 589 (40):
987 534 1130 575 ibidem
1162 545 1287 576 autem
1320 534 1643 584 leniter<40)1i>zd‚

140 598 370 639 dextrorsum
402 597 520 646 flexa,
542 594 605 635 sub
622 596 774 637 tendine
791 597 944 638 musculi
976 597 1160 638 inferioris
1193 595 1320 655 (41),
1352 609 1450 639 mox

140 661 397 713 describendi,
431 659 609 714 pergebat
675 662 794 714 magis
839 662 1032 715 magisque
1081 671 1277 703 extenuata
1342 662 1447 702 iuxta

141 726 234 766 latus
262 734 454 765 externum
476 722 637 762 tendinis
671 723 823 763 musculi
842 724 1033 763 mastoidei
1065 723 1205 779 (42),
1236 737 1315 778 quo
1345 723 1408 765 hic
1427 731 1643 771 a<42>1bid.v

140 798 246 842 parte
281 789 394 842 priori
428 785 510 827 ossis
542 785 710 840 pestoris
740 786 948 840 eademque
981 786 1189 840 superiori,
1229 788 1343 840 capiti
1375 787 1446 826 cla-

143 847 283 891 vic'ulae
317 852 534 905 proximus,
569 848 750 889 exoritur.
794 850 860 890 Ab
877 850 1013 890 eodem
1047 849 1161 890 libera
1181 882 1192 901 ,
1224 848 1284 890 sed
1312 849 1450 904 proxi-

142 926 208 954 me
240 926 310 968 per
339 913 549 954 cellulofiim
584 911 709 952 innota
728 945 739 965 ‚
771 913 986 954 decurrebat
1019 913 1169 967 obliqua
1202 925 1269 967 per
1285 913 1448 968 spatium

140 976 213 1017 fere
244 978 468 1031 'bipollicare
489 1009 501 1028 ,
552 986 664 1030 atque
693 976 827 1016 deinde
866 975 941 1016 fine
971 975 1033 1016 suo
1081 977 1201 1029 magis
1248 985 1449 1017 extenuata

140 1052 229 1080 cum
261 1041 397 1081 eodem
418 1073 429 1091 ,
462 1039 566 1079 fibris
598 1038 780 1079 tendineis
818 1039 914 1093 quasi
963 1039 1248 1079 intermixtione
1295 1050 1335 1080 et
1366 1051 1450 1078 eua-

143 1102 326 1142 nescentia
359 1103 599 1143 distinctionis
656 1101 916 1154 disparentibus
936 1134 946 1150 ,
985 1101 1303 1153 conglutinabatur
1337 1099 1648 1155 (43).(43‘,1b1d.z

143 1165 250 1205 Parte
283 1175 407 1205 autem
443 1165 616 1203 inferiore
649 1163 760 1202 cauda
795 1163 952 1202 tendinis
991 1163 1181 1214 peculiaris
1227 1163 1451 1204 cohaerebat

142 1226 353 1268 firmissime
385 1237 473 1264 cum
505 1235 610 1263 carne
643 1223 795 1263 musculi
835 1225 1181 1266 sterno-masto'idei
1233 1226 1450 1281 supposita,

140 1288 306 1342 perfecte
324 1296 368 1328 vt
400 1287 630 1340 principium
664 1286 770 1327 huius
801 1287 862 1327 diu
895 1289 1109 1329 tendineum
1141 1301 1296 1330 manens
1328 1299 1366 1329 et
1383 1302 1451 1344 per

140 1351 323 1391 exteriora
357 1351 474 1390 carnis
503 1347 698 1391 decurren's
719 1383 729 1403 ,
761 1363 850 1391 cum
890 1351 1025 1392 eadem
1074 1352 1264 1407 iungitur,
1313 1353 1377 1394 vel
1411 1353 1450 1394 in

140 1413 235 1454 hanc
270 1414 362 1454 abit.

258 1477 463 1517 Aetionem
498 1476 603 1518 huius
644 1477 795 1518 musculi
845 1478 961 1518 talem
1013 1478 1154 1518 inueni.
1205 1474 1244 1518 Si
1277 1477 1451 1518 extensae

147 1538 260 1579 fibrae
312 1540 533 1581 muscuiofiie
585 1541 828 1581 trahebantur
886 1540 1007 1581 verius
1064 1542 1295 1595 principium
1316 1541 1419 1581 suum
1440 1573 1452 1591 ‚

145 1601 282 1642 caudae
313 1603 502 1644 inferiores
546 1606 742 1645 tendineae
781 1604 966 1644 breuiores
993 1604 1114 1645 sterno
1153 1605 1307 1644 insertae
1343 1602 1560 1658 (44)<44>
1582 1613 1652 1647 Ibid.

146 1663 423 1716 explicabantur
442 1698 452 1717 ,
490 1680 612 1721 neque
656 1677 784 1707 tamen
834 1667 968 1721 aliquid
1018 1668 1220 1708 mouebant
1269 1667 1453 1708 fibrarum
1503 1657 1526 1685 U
1558 1655 1585 1682 v

148 1726 294 1767 maseuli
328 1730 520 1780 pes-roralis
552 1731 744 1784 oppositi,
777 1743 853 1783 quo
887 1732 974 1770 loco
1008 1732 1042 1770 se
1075 1732 1168 1771 iuter
1198 1730 1263 1770 has
1294 1731 1452 1771 insinua-

148 1790 250 1829 bant.
316 1789 439 1831 Cauda
480 1803 603 1831 autem
645 1794 755 1832 tertia
807 1794 953 1844 longior
1008 1794 1130 1833 sterno
1152 1819 1165 1825 -
1187 1793 1396 1834 mastoideo
1429 1804 1452 1831 a

150 1853 260 1892 latere
303 1852 430 1892 inserta
465 1852 571 1906 (45)
632 1855 752 1906 magis
781 1855 1013 1894 dextrorium
1033 1887 1044 1906 ,
1077 1857 1114 1895 id
1146 1856 1195 1896 est
1216 1887 1228 1908 ‚
1280 1855 1544 1912 deorsum(45)
1580 1870 1651 1903 ibid,

150 1925 187 1954 et
219 1914 420 1954 extrorsum
456 1916 665 1956 trahebatur
685 1949 694 1967 ‚
729 1916 907 1970 simulque
949 1918 1146 1958 tendinem
1197 1917 1346 1959 musculi
1384 1930 1454 1959 ex·
1505 1915 1546 1945 W
1566 1913 1592 1943 V
1617 1914 1644 1944 ²·

152 1978 308 2030 plicabat
350 1978 482 2017 leniter
531 1988 640 2031 atque
679 1980 842 2018 eiusdem
877 1992 1030 2019 carnem
1065 1980 1291 2034 suppositam
1330 1981 1452 2035 depri-

151 2042 312 2090 mebat
363 2040 480 2093 sicque
499 2050 621 2080 totum
642 2041 799 2080 musculi.
804 2055 844 2080 m
865 2041 1043 2082 lenimine
1064 2045 1237 2084 mouebat
1256 2057 1305 2084 eo
1322 2044 1453 2085 versus.

270 2071 455 2143 friuscuius
489 2105 580 2144 alter
614 2105 736 2144 maior
787 2104 941 2145 inferior
974 2107 1080 2155 (46)
1116 2109 1312 2148 communi
1348 2109 1449 2162 prin·
1465 2121 1546 2166 (46)
1583 2119 1651 2151 ibid.

150 2167 259 2222 cipio
292 2167 471 2209 tendineo
519 2168 702 2209 oriebatur
735 2168 784 2207 ita
817 2181 904 2208 cum
939 2170 1122 2224 superiore
1154 2183 1284 2224 nexo,
1325 2181 1367 2212 vt
1408 2171 1451 2210 fi·
1510 2162 1653 2194 ³¹³²d‘s·

711 2230 758 2273 M
789 2243 831 2271 m
867 2244 891 2271 2
1370 2233 1455 2273 brae

1460 631 1472 664 (
1481 635 1513 666 41
1522 595 1640 668 )91bid0g
