1971 2700
490 164 591 211 454
780 147 1111 197 METHODVS
1143 147 1507 198 OBSERVANDI

496 284 589 316 nam
622 267 778 324 sequens
811 268 945 310 tubum
977 276 1066 309 ante
1099 267 1351 323 quadrantem
1383 266 1451 308 vel
1497 263 1705 308 dimidium
1753 264 1833 308 ho-

500 350 564 380 rae
596 335 826 390 ingrediatur
859 332 1016 386 quidem
1037 364 1049 383 ,
1082 331 1140 374 sed
1176 334 1216 373 in
1249 342 1358 385 parte
1391 332 1470 372 eius
1521 329 1690 371 inferiori
1710 362 1722 382 ‚
1769 343 1830 372 ca-

500 401 689 459 pinosque
725 397 919 439 sistematis
952 396 999 436 ad
1032 395 1160 437 locum
1194 394 1328 436 Lunae
1361 395 1533 450 respectu
1581 394 1731 436 staellae
1765 394 1836 434 de-

504 462 792 508 terminandum
827 459 1028 514 requisitos
1060 472 1141 500 non
1172 460 1335 514 attingat
1353 493 1365 512 ,
1401 461 1439 501 iu
1473 473 1522 501 eo
1557 461 1638 500 casti
1690 458 1836 513 poterit

501 540 640 582 margo
674 526 737 567 ille
769 524 902 566 Lunae
933 525 1040 580 supra
1072 525 1255 579 capillum
1289 521 1329 565 G
1353 521 1387 566 C
1407 558 1418 578 ,
1471 525 1595 579 quoad
1630 523 1738 563 saluis
1774 534 1838 563 re-

499 593 643 649 quisitis
678 589 763 631 fieri
797 587 924 643 potest
943 622 954 642 ‚
989 590 1153 641 eleuari,
1188 597 1226 629 et
1261 588 1401 643 positio
1433 589 1480 630 ad
1514 589 1656 629 stellam
1708 599 1840 628 macu-

501 657 563 699 lae
597 656 752 697 alicuius
786 654 947 707 exiguae
987 655 1027 695 in
1060 653 1163 694 disco
1194 652 1328 694 Lunae
1377 652 1587 708 ass‘umptae
1639 651 1839 705 limboque

501 721 666 763 inferiori
701 718 910 775 proximae
931 752 942 771 ‚
978 718 1103 760 modo
1136 718 1244 773 supra
1275 717 1492 773 descripto,
1514 715 1712 758 obleruari.
1752 715 1839 757 Hu-

501 787 558 828 ius
591 786 697 826 enim
732 782 921 837 positione
955 784 1003 824 ad
1037 792 1209 824 centrum
1247 781 1377 824 Lunae
1411 784 1565 836 cognita
1586 815 1596 832 ‚
1646 780 1752 834 quod
1786 778 1841 819 fit-

501 851 647 891 cillime
680 847 832 901 semper
866 847 934 888 fiet
953 879 964 898 ,
1000 846 1140 902 positio
1174 858 1327 902 quoque
1360 848 1481 888 ceutri
1515 847 1647 888 Lunae
1680 847 1726 885 ad
1755 842 1841 884 stel-

502 915 580 956 lam
613 913 825 955 inuenietur
859 922 903 952 vt
938 912 1057 966 supra.
1124 910 1233 952 Idem
1267 913 1314 953 de
1348 911 1459 953 simili
1495 911 1735 965 apparitione
1755 905 1843 948 stel-

503 979 564 1019 lae
600 979 639 1018 in
674 987 782 1032 parte
817 976 898 1016 tubi
934 975 1125 1030 superiore
1146 1009 1157 1028 ,
1191 977 1367 1030 margine
1401 976 1581 1029 superiori
1619 973 1754 1014 Lunae
1786 973 1845 1013 in-

501 1042 569 1084 fra
590 1042 773 1096 capillum
808 1039 846 1083 G
872 1038 906 1081 C
938 1040 1111 1081 similiter
1145 1041 1298 1094 posito,
1342 1041 1553 1080 tenendum
1587 1039 1653 1079 est.

620 1104 746 1147 Schol.
784 1104 876 1143 adum
910 1104 1049 1146 lisdem
1082 1106 1208 1147 modis
1250 1103 1403 1160 possunt
1437 1103 1625 1144 obseruari
1675 1099 1848 1142 transitus

511 1169 647 1211 Lunae
679 1180 750 1222 per
785 1168 904 1208 stellas
936 1181 1161 1221 quocunque
1212 1170 1292 1208 alio
1326 1180 1533 1222 tempore,
1581 1167 1644 1206 vel
1682 1168 1719 1205 in
1755 1177 1850 1218 qua-

509 1245 660 1286 cunque
692 1231 825 1273 Lunae
880 1231 1014 1285 phtisi,
1058 1231 1085 1271 si
1118 1232 1426 1272 obseruationem
1482 1230 1658 1270 diametri
1714 1227 1848 1269 Lunae

510 1297 706 1350 excipias,
759 1307 855 1348 quae
888 1306 977 1335 tunc
1031 1294 1085 1334 ob
1118 1295 1246 1348 phasin
1282 1308 1361 1336 non
1404 1296 1536 1336 omnis
1585 1303 1741 1348 apparet
1763 1326 1773 1343 ,
1807 1301 1848 1333 et

510 1361 787 1414 consequenter
839 1358 959 1400 modo
1009 1359 1047 1398 in
1083 1358 1179 1406 §8vo
1210 1371 1276 1399 nro
1312 1365 1377 1398 1⁶⁸⁰
1420 1357 1609 1411 descripto
1658 1356 1852 1397 obseruari

513 1425 660 1478 nequit.
726 1424 771 1465 In
805 1423 876 1463 illis
911 1424 1034 1476 itaque
1066 1422 1206 1463 casibus
1240 1435 1312 1476 pro
1347 1423 1542 1463 diametro
1575 1419 1705 1460 Lunae
1723 1419 1849 1459 obier-

513 1490 638 1530 vanda
659 1521 670 1540 ,
705 1488 889 1541 dirigatur
920 1486 1077 1539 capillus
1111 1486 1150 1529 G
1171 1484 1206 1527 C
1241 1487 1288 1527 ad
1319 1499 1461 1527 cornua
1496 1484 1652 1538 phaseos
1674 1517 1684 1536 ,
1719 1484 1782 1524 vel
1810 1484 1850 1524 in

514 1553 624 1594 situm
661 1554 794 1594 iisdem
832 1551 1015 1605 proxime
1050 1551 1268 1604 parallelum
1289 1585 1299 1603 ,
1336 1561 1377 1591 et
1411 1551 1584 1591 immotis
1619 1550 1656 1588 in
1677 1548 1754 1588 hoc
1782 1547 1852 1588 situ

514 1618 658 1671 capillis
690 1628 729 1658 et
766 1616 859 1656 tubo
891 1615 1111 1657 obseructur
1143 1615 1316 1669 appulsus
1349 1614 1564 1655 alterutrius
1598 1626 1717 1653 cornu
1739 1646 1749 1664 ‚
1780 1624 1854 1652 ex-

517 1682 638 1735 empli
674 1682 791 1735 gratia
823 1679 849 1721 S
871 1713 881 1731 ,
914 1680 960 1720 ad
995 1679 1089 1719 duos
1132 1681 1292 1733 capillos
1352 1679 1584 1732 proximos,
1639 1688 1728 1731 puta
1760 1687 1855 1732 qr,

463 1743 471 1750 ⁶
517 1757 554 1786 et
587 1754 652 1801 op
676 1779 687 1797 ,
724 1747 759 1784 in
786 1746 819 1802 s
844 1754 884 1784 et
919 1745 975 1795 d,
1008 1755 1048 1783 et
1079 1744 1230 1784 alterius
1262 1756 1381 1783 cornu
1418 1743 1433 1784 1
1477 1751 1524 1782 au
1561 1754 1680 1781 vnum
1734 1740 1836 1794 capil

514 1812 594 1851 lum
629 1810 731 1850 verb.
767 1823 823 1861 gr.
855 1821 919 1854 xy
939 1842 949 1860 ‚
985 1818 1165 1862 tempore
1184 1808 1381 1848 contactus
1415 1807 1530 1861 primi
1553 1819 1669 1846 cornu
1705 1804 1731 1846 S
1763 1817 1855 1846 cum

511 1874 654 1927 capillo
691 1875 821 1928 pr'mo
856 1884 950 1927 qr,
1005 1872 1134 1913 eidem
1179 1874 1406 1927 proximum
1430 1904 1440 1921 ,
1493 1882 1533 1909 et
1570 1871 1712 1923 poterit
1766 1870 1854 1909 hinc

511 1938 703 1977 diameter
738 1938 873 1978 Lunae
906 1937 1049 1977 cutam
1084 1938 1241 1988 modo,
1280 1939 1314 1976 in
1352 1937 1561 1986 iisdtnque
1598 1934 1762 1984 partibus
1791 1934 1839 1972 de

513 2002 751 2052 terminari,
787 2015 864 2055 quo
899 2000 1062 2041 eandem
1098 2002 1204 2055 supra
1239 2002 1332 2049 §9¹¹⁰
1367 2000 1405 2038 in
1441 1998 1650 2051 slcnilunio
1685 1997 1860 2037 definini-

516 2076 629 2114 rnus,
666 2065 863 2103 inserendo
899 2064 961 2104 sc.
1003 2067 1052 2104 ob
1088 2063 1274 2117 triangula
1308 2065 1409 2119 εἰη]
1432 2096 1442 2113 ,
1475 2074 1515 2100 et
1542 2077 1571 2114 g
1587 2062 1657 2102 ml
1694 2062 1739 2102 ad
1774 2069 1861 2101 net

519 2140 554 2168 m
587 2127 805 2181 restangula
839 2138 876 2166 et
909 2129 1050 2169 similia
1088 2141 1160 2183 per
1195 2127 1351 2169 constr:
1408 2137 1451 2166 x‘t
1485 2135 1637 2181 tempus
1687 2125 1861 2166 tranfixus

1739 2200 1855 2231 cornu
