1971 2700
485 203 709 253 »egeae«-
747 215 773 242 0
810 204 1039 255 {0302
1343 208 1427 253 2⁸5

549 309 660 368 DE
703 310 974 368 ACERE

155 398 327 444 roms
359 393 627 443 oBLONGE
661 395 944 439 cononis
978 393 1410 453 §NAEQVALITER

625 458 910 503 SERRA‘rrs.

672 532 867 563 Avc‘roRE

485 583 679 644 Stephano
711 585 1073 642 Krafiheninnikow.

234 723 271 762 ix
288 719 358 762 vlla
375 720 412 761 in
431 727 511 760 tota
532 719 665 760 Aceris
681 719 822 760 familia
840 719 966 772 planta
994 718 1066 768 est,
1085 730 1179 771 quae
1205 718 1325 771 magis
1350 717 1503 762 eui-‘Ub-
1522 718 1615 748 3¹¹¹·

263 786 386 824 dentes
410 783 651 836 distinctionis
676 796 695 823 a
722 783 994 836 congeneribus
1021 790 1127 821 notas
1153 793 1242 833 prae
1260 780 1295 820 se
1314 781 1402 822 serat
1418 813 1430 832 ,

126 863 238 903 quam
258 848 386 888 nostra.
414 846 522 890 Nam
540 847 802 900 plerarumque
821 846 996 886 omnium
1014 845 1209 897 praecipua
1224 843 1435 885 differentia

128 912 286 953 consistit
310 911 347 950 in
381 910 472 950 foliis
492 943 504 962 ‚
535 910 678 950 corolla
696 921 820 950 autem
834 943 844 961 ,
862 921 1072 962 quanquam
1091 908 1128 946 in
1148 907 1333 947 nonnullis
1352 921 1437 949 ma-

125 976 185 1016 ior
204 1008 214 1027 ,
246 976 286 1015 in
316 974 534 1028 quibusdam
568 974 693 1014 minor
727 982 766 1013 et
799 973 916 1024 magis
939 970 942 972 ’
967 979 1029 1011 aut
1079 971 1205 1010 minus
1252 983 1274 1010 a
1323 971 1438 1013 calice

124 1038 291 1078 distincta
323 1037 375 1077 est
395 1070 405 1088 ,
435 1036 508 1076 sola
540 1046 668 1077 tamen
700 1037 746 1076 ad
778 1034 1104 1076 determinandam
1146 1032 1310 1086 speciem
1357 1047 1437 1075 non

124 1100 287 1151 sufficit,
334 1110 377 1139 vt
409 1110 499 1152 pote
541 1112 633 1152 quae
666 1099 706 1139 in
757 1099 935 1138 omnibus
972 1097 1012 1136 id
1042 1108 1249 1135 commune
1297 1096 1436 1150 habet,

125 1164 226 1217 quod
267 1172 393 1214 patens
427 1162 497 1210 fit,
532 1163 654 1200 maior
685 1170 809 1199 autem
845 1168 909 1198 aut
941 1159 1100 1209 minor,
1133 1166 1172 1197 et
1206 1159 1324 1212 magis
1373 1168 1438 1201 aut

124 1227 245 1266 minus
276 1223 442 1262 distinct-„2
475 1222 550 1261 eius
584 1235 605 1261 a
640 1222 754 1260 calice
785 1221 924 1273 ficies,
973 1233 1063 1260 cum
1112 1220 1158 1261 ad
1209 1222 1436 1275 cognoscen-

121 1289 211 1327 dam
255 1284 421 1338 plantam
454 1285 522 1323 vix
563 1284 697 1338 aliquid
751 1284 916 1326 conserat
935 1317 946 1337 ,
995 1296 1068 1337 pro
1118 1285 1274 1325 naturali
1305 1286 1435 1327 distin-

122 1348 257 1390 c'tionis
316 1356 407 1387 nota
463 1346 557 1388 sumi
604 1360 682 1388 non
734 1349 869 1401 potest.
968 1347 1109 1388 Nostra
1166 1358 1314 1401 praeter
1365 1351 1435 1392 alia

122 1423 161 1452 et
221 1411 316 1451 soliis
372 1419 412 1449 et
479 1411 619 1452 corolla
686 1420 767 1451 tam
832 1411 1079 1465 peculiaribus
1144 1411 1281 1451 donata
1351 1414 1402 1453 est
1422 1444 1432 1464 ,

122 1484 169 1514 vt
230 1475 422 1514 alterutro·
472 1487 493 1514 a
551 1475 814 1527 congeneribus
884 1475 989 1516 facile
1053 1473 1226 1527 distingui
1294 1474 1404 1529 poffit
1423 1507 1434 1528 ‚

125 1537 165 1580 id
221 1537 322 1591 quod
371 1549 421 1578 ex
452 1538 611 1591 sequenti
660 1537 905 1592 descriptione
955 1537 1109 1593 patebit.

242 1632 411 1688 Quatuor
434 1633 634 1674 arbusculas
651 1634 713 1674 sub
728 1633 887 1675 nomine
904 1633 1036 1675 Aceris
1068 1633 1236 1674 Tatarici
1254 1631 1360 1676 Mori
1380 1634 1433 1675 fb-

127 1696 180 1735 lio
211 1692 345 1743 Gerb„
365 1695 496 1736 hortus
528 1698 652 1737 noster
685 1697 764 1750 alit,
799 1710 955 1752 quarum
988 1698 1081 1738 duae
1114 1696 1261 1750 subdio,
1300 1708 1340 1738 et
1373 1708 1433 1738 to-

130 1759 249 1798 tidem
269 1760 304 1798 in
322 1758 404 1797 ollis
421 1759 595 1799 crescunt.
613 1760 861 1801 Posteriorum
881 1774 957 1802 vna
975 1776 1005 1811 4
1022 1761 1118 1801 circ:
1140 1762 1251 1813 pedes
1269 1761 1341 1802 alta
1359 1761 1432 1812 est,

128 1821 237 1880 altera
269 1819 394 1873 paullo
426 1823 637 1874 procerior,
677 1823 812 1862 ambae
846 1823 979 1875 pollice
1010 1836 1088 1862 non
1126 1823 1291 1863 multum
1340 1822 1434 1863 cras-

130 1884 242 1926 fiores
268 1882 362 1933 sunt,
389 1892 427 1923 et
461 1885 498 1924 in
516 1896 643 1925 ramos
668 1885 711 1925 ab
728 1885 810 1925 imo
837 1885 884 1926 acl
908 1886 1099 1926 summum
1116 1885 1272 1926 diffundi
1291 1894 1432 1926 amant.

244 1944 403 1986 Caudex
436 1946 557 1987 rectus
576 1980 586 1998 ,
618 1948 757 1990 cortice
789 1948 961 2003 cinereo,
978 1948 1068 1990 striis
1095 1949 1312 2002 quibusdam
1338 1949 1434 1990 emi-

122 2010 296 2066 nentibus
323 2008 451 2050 albidis
483 2009 704 2064 exasperato
721 2043 732 2064 ‚
766 2011 897 2052 tectus.

243 2105 362 2147 Rami
390 2103 537 2157 crebri,
568 2106 778 2159 coniugati,
813 2107 993 2158 cruciati,
1025 2109 1086 2161 qui
1119 2106 1155 2147 in
1186 2106 1274 2150 alios
1304 2110 1433 2151 mino·

130 2180 184 2225 tes
214 2169 371 2214 eandem
388 2167 665 2226 dispositionem
683 2169 863 2212 seruantes
881 2203 893 2223 ,
912 2169 1027 2214 rursus
1043 2172 1255 2215 diuiduntur
1274 2188 1287 2231 5
1313 2175 1433 2215 iunio-

686 2232 730 2277 N
762 2245 788 2275 n
822 2244 847 2284 a
1375 2246 1430 2277 res
