1971 2700
514 176 548 218 4
609 161 692 207 DE
723 155 1102 207 REDVCTIONE
1129 157 1443 207 LINEARVM
1459 158 1537 206 CV
1539 158 1720 208 MRV
1720 167 1775 209 M

511 287 551 319 et
585 277 684 321 MN
715 280 760 321 ad
793 291 927 320 curuae
966 280 1228 320 extremitates
1257 279 1296 319 A
1335 289 1373 319 et
1412 277 1459 319 M
1492 278 1625 320 ductae
1670 281 1768 323 inter
1799 279 1835 324 se

508 343 749 384 constituunt.

1021 402 1231 464 Coroll.
1276 425 1318 461 1.

626 504 666 532 2.
702 491 741 534 Si
775 505 867 545 ergo
898 503 1010 530 curua
1042 493 1215 533 continua
1247 501 1435 532 curuatura
1468 492 1749 546 progrediatur,
1782 494 1832 538 ita

506 564 550 595 vt
590 556 766 610 nusquam
808 556 943 596 habeat
993 555 1176 607 puustum
1227 556 1347 596 flexus
1396 557 1598 607 contrarii,
1649 556 1832 600 crescente

501 631 636 659 curuae
680 619 915 674 longitudine
959 617 1063 659 simul
1104 619 1180 659 eius
1219 619 1433 672 amplitudo
1471 619 1619 660 crescet.
1683 620 1831 664 Scilicet

503 694 582 736 quo
615 683 742 724 maior
771 685 937 738 capiatur
968 694 1072 723 arcus
1102 682 1221 735 AM,
1255 695 1305 724 eo
1347 682 1472 724 maior
1509 684 1641 725 eludet
1679 687 1831 740 angulus

502 745 668 787 ANM.

1013 806 1224 865 Coroll.
1272 826 1319 865 2.

641 903 680 942 3.
716 890 758 934 Si
798 904 910 936 curua
953 894 1050 937 AM
1083 896 1200 937 fiterit
1234 896 1421 946 circulus,
1454 895 1524 936 erit
1565 898 1747 950 punctum
1782 899 1826 943 N

498 956 576 999 eius
606 969 776 999 centrum
799 990 810 1009 ,
850 968 960 1014 atque
999 959 1093 1001 AN
1114 974 1169 1000 Ξ
1189 960 1235 1002 Μ
1255 960 1310 1002 Ν.
1379 957 1482 1000 Cum
1523 961 1633 1014 igitur
1675 964 1826 1018 angulus

498 1021 652 1063 ΑΝΜ
686 1022 728 1062 sit
761 1021 827 1074 ipsi
860 1024 962 1064 arcui
995 1022 1094 1064 AM
1127 1022 1422 1078 proportionalis
1441 1054 1452 1073 ,
1485 1023 1524 1062 in
1554 1025 1693 1066 circulo
1723 1040 1827 1071 arcus

497 1098 709 1141 eorumque
739 1085 1004 1140 amplitudines
1035 1088 1071 1126 in
1103 1087 1238 1127 eadem
1273 1096 1418 1126 ratione
1448 1085 1623 1127 crescunt.

1013 1155 1226 1221 Coroll.
1271 1177 1317 1230 3.
1376 1184 1379 1187 ¹

633 1259 677 1297 4.
713 1243 758 1287 In
798 1245 978 1287 omnibus
1014 1256 1141 1287 autem
1181 1245 1260 1286 aliis
1296 1243 1418 1286 cumis
1454 1243 1719 1299 amplitudines
1760 1249 1824 1292 vel

493 1308 533 1351 in
563 1312 709 1352 maiore
743 1311 805 1352 vel
837 1312 875 1351 in
907 1311 1059 1352 minore
1088 1311 1234 1351 ratione
1263 1308 1429 1351 crescunt
1459 1322 1574 1364 quam
1607 1311 1675 1365 ipsi
1706 1325 1819 1354 arcus.

494 1374 633 1430 Neque
672 1376 711 1416 in
743 1375 802 1416 his
831 1376 1028 1430 aequalitas
1059 1376 1154 1416 inter
1193 1375 1383 1415 normales
1411 1373 1503 1416 AN
1535 1384 1572 1414 et
1606 1374 1704 1417 MN
1737 1389 1821 1419 ams-

494 1439 586 1493 plius
620 1440 755 1482 locum
782 1441 925 1481 inuenit
945 1472 956 1492 ‚
987 1440 1052 1481 nifi
1084 1439 1181 1480 sbrte
1213 1440 1255 1479 in
1281 1439 1390 1480 certis
1420 1448 1571 1480 tantum
1602 1439 1705 1480 locis.

1014 1508 1300 1570 Schofion.

611 1608 651 1648 5.
683 1596 800 1654 Quod
833 1608 980 1653 praeter
1008 1598 1194 1639 circulum
1230 1598 1325 1638 nulla
1355 1597 1426 1638 alia
1460 1596 1568 1637 detur
1604 1595 1698 1639 linea
1731 1611 1818 1641 cur-

492 1672 561 1713 va,
592 1663 694 1703 cuius
723 1675 825 1703 arcus
856 1663 922 1703 siut
955 1661 1120 1716 ipsorum
1155 1662 1460 1715 amplitudinibus
1492 1663 1813 1717 proportionales,

491 1724 564 1767 hoc
597 1727 719 1767 modo
751 1727 893 1767 ostendi
927 1726 1060 1780 potest.
1128 1724 1392 1767 Conlidcrctur
1422 1738 1555 1766 curuae
1586 1726 1681 1767 AM
1723 1740 1818 1768 cuo-

487 1788 563 1831 luta
597 1792 680 1834 RR
702 1823 712 1843 ,
744 1803 786 1831 ac
821 1801 981 1845 ponatur
1013 1791 1164 1845 angulus
1194 1790 1250 1830 seu
1291 1789 1506 1843 amplitudo
1538 1789 1813 1843 ANM-tu,

486 1865 588 1895 arcus
621 1854 845 1907 AMzs,
875 1865 913 1895 ct
956 1856 1075 1896 radius
1114 1855 1288 1895 euolutae
1331 1853 1478 1907 punsto
1511 1851 1558 1893 M
1590 1853 1815 1906 respondens

488 1926 580 1968 MR
602 1941 698 1969 :r
736 1930 805 1969 crit
848 1913 1065 1980 duzss,
1107 1929 1266 1980 ideoque
1305 1939 1393 1966 r:
1411 1910 1476 1975 2¹J,
1511 1923 1534 1962 fi
1578 1935 1670 1976 ergo
1710 1938 1812 1966 arcus

485 1989 581 2031 ΑΜ
617 1991 720 2031 fuerit
755 1993 1048 2044 proportionalis
1078 1989 1320 2042 amplitudini
1361 1985 1509 2029 ΑΝΜ
1532 2018 1542 2036 ,
1586 1989 1653 2026 crit
1693 1989 1809 2029 ds:

480 2055 604 2107 adu,
664 2055 822 2107 hincque
878 2066 999 2094 rza
1019 2085 1030 2104 ,
1072 2053 1171 2093 vnde
1219 2064 1308 2092 cum
1347 2049 1512 2093 curuedo
1569 2050 1709 2105 vbiquc
1767 2054 1808 2094 stt

485 2119 643 2171 cadem,
677 2131 786 2159 curua
819 2117 915 2159 AM
948 2119 1017 2158 crit
1048 2117 1214 2159 circulus.

1717 2180 1809 2222 Pro·
