1971 2700
161 213 246 255 AD
279 210 474 257 NAVES
504 207 753 257 ONERAR.
779 209 961 259 PROM.
978 213 1340 263 DESCRIPTIO.
1377 235 1459 262 221

158 325 341 366 celeritate
373 327 477 367 statui
509 325 660 380 poterit.
746 325 992 370 Confideratis
1040 329 1136 372 hisce
1185 332 1468 375 circumstantiis

158 390 417 443 praerogatiua
450 389 554 430 modi
587 401 608 429 a
640 388 749 432 nobis
781 392 858 432 iam
893 394 1056 447 expositi
1100 395 1203 436 facile
1254 396 1464 449 euincitur‚

157 465 246 492 cum
281 453 346 493 illo
377 453 544 493 adhibito
570 463 691 507 neque
725 455 1004 510 impedimenta
1034 458 1263 499 trahentibus
1294 461 1334 500 in
1364 460 1470 501 litto-

156 527 198 555 re
230 515 462 556 obuenientia
481 547 492 567 ‚
526 528 642 569 neque
675 518 846 560 reiterata
876 519 1062 561 anchorae
1105 522 1292 576 proiectio
1342 532 1469 565 nautas

156 588 402 620 remorentur.
467 577 613 634 Insigne
628 594 775 636 quoque
792 584 1100 626 emolumentum
1134 587 1222 628 inde
1241 585 1363 640 poflet
1403 598 1471 628 ex-

156 642 299 694 pec'tari
318 675 328 695 ‚
360 641 385 682 fi
417 654 527 682 naues
554 643 730 686 rostratae
750 678 762 698 ‚
794 647 939 700 gaietae
981 649 1104 690 dictae
1121 682 1133 702 ,
1182 650 1365 691 eiusmodi
1410 661 1467 690 re-

155 706 279 758 migio
311 705 623 759 propellerentur.
691 707 794 750 Cum
843 711 950 751 enim
998 712 1043 752 ad
1084 724 1146 752 eas
1194 713 1473 765 promouendas

158 779 244 806 200
278 768 323 807 ad
358 780 442 818 250
476 769 652 811 homines
683 771 925 813 adhibeantur
945 805 956 825 ‚
989 775 1053 827 qui
1085 775 1164 814 illas
1194 774 1310 815 horas²
1350 776 1473 819 spatio

154 840 223 882 per
259 839 375 868 vnum
406 828 562 866 milliare
594 833 857 879 germanicum
879 837 1109 878 promouere
1141 826 1301 880 valent,
1342 829 1470 870 nostro

154 892 319 944 remigio
345 890 509 930 adhibito
548 899 631 938 150
662 888 883 930 hominibus
916 887 1145 942 supersedere
1176 900 1215 929 et
1244 900 1372 944 quarta
1389 901 1471 935 tan-

155 962 236 994 tum
267 953 472 994 hominum
507 960 614 1005 parte
649 952 831 993 eamdem
863 950 1090 993 celeritatem
1134 952 1307 994 obtinere
1350 956 1473 1009 poste.

154 1029 250 1058 mus.
316 1016 441 1056 Habet
473 1024 664 1069 praeterea
697 1015 763 1055 iste
795 1015 930 1055 modus
960 1014 1218 1067 adplicationis
1235 1018 1470 1060 vitiumhoc

154 1080 406 1120 commodum
435 1109 446 1130 ‚
488 1087 532 1117 vt
580 1079 714 1131 absque
772 1077 1038 1129 defatigatione
1086 1079 1222 1119 diutius
1263 1082 1471 1123 continuari

152 1142 286 1195 possit,
325 1154 436 1195 quam
468 1140 535 1180 vbi
565 1142 742 1180 continua
774 1140 982 1179 inflexione
1015 1141 1110 1181 dorfi
1142 1154 1238 1193 opus
1271 1144 1335 1183 est.
1399 1143 1470 1186 Su-

152 1205 271 1257 perest
311 1204 462 1256 quidem
495 1200 616 1240 adhuc
648 1203 739 1242 alius
770 1202 906 1241 modus
936 1202 1189 1255 adplicationis
1220 1205 1360 1247 virium
1379 1239 1391 1259 ,
1424 1220 1473 1248 v-

151 1268 188 1306 bi
221 1276 314 1305 vnus
345 1264 469 1303 homo
501 1273 589 1302 200
634 1262 746 1304 libras
793 1262 965 1317 superare
1016 1265 1152 1321 valet3
1205 1268 1233 1309 fi
1287 1270 1470 1312 nimirum

150 1328 266 1369 vectis
297 1327 344 1367 ad
375 1338 528 1367 remum
562 1325 764 1380 adplicatus
794 1325 929 1368 sursum
980 1328 1143 1370 eleuatus-
1189 1344 1336 1374 remum
1381 1347 1475 1375 con-

149 1400 204 1433 tra
245 1403 379 1444 aquam
414 1388 579 1443 impellit
599 1422 610 1440 ,
643 1390 701 1432 led
732 1400 891 1444 propter
923 1392 1142 1433 continuam
1176 1395 1273 1435 dorfi
1315 1396 1469 1436 inflexi-

151 1466 265 1495 onem
315 1455 345 1494 is
382 1451 449 1492 sese
500 1452 672 1494 similiter
717 1454 843 1494 minus
889 1458 1166 1509 commendat,
1205 1471 1318 1511 quam
1359 1458 1468 1513 supra

149 1515 328 1570 descripta
366 1515 583 1558 methodus.
647 1514 898 1559 consideratis
929 1516 1028 1558 hisce
1077 1520 1357 1562 circumstantiis
1403 1524 1474 1565 vix

152 1580 456 1633 praestantiorem
481 1580 689 1633 remigandi
718 1583 880 1622 modum
911 1582 1068 1634 reperiri
1101 1584 1202 1635 poste
1235 1583 1344 1637 spero
1362 1617 1374 1636 ,
1413 1586 1470 1626 ni·

152 1643 180 1684 fi
213 1644 296 1696 quis
323 1643 574 1684 commodam
593 1644 818 1685 encheirefin
847 1645 1112 1697 excogitauerit
1130 1679 1141 1698 ,
1172 1659 1242 1699 qua
1272 1648 1371 1688 remi
1403 1661 1463 1688 ro-

154 1716 274 1746 tarum
315 1719 423 1746 more
457 1705 621 1758 dispofiti
660 1721 730 1761 per
771 1707 932 1749 similem
975 1708 1127 1750 vestem
1169 1719 1210 1749 et
1248 1710 1468 1764 adplicatio-

152 1782 241 1809 nem
287 1769 424 1808 virium
476 1779 585 1808 motu
633 1772 810 1810 continuo
857 1772 1042 1811 rotatorio
1089 1773 1293 1827 circumagi
1312 1773 1462 1826 poffint.

150 1831 308 1872 Interim
341 1840 469 1871 tamen
500 1830 581 1870 talis
621 1833 822 1873 methodus
859 1833 934 1873 hoc
961 1833 1143 1875 laboraret
1178 1837 1433 1877 incommodo
1451 1870 1463 1890 ,

152 1895 253 1948 quod
293 1903 410 1934 vento
442 1896 634 1935 contrario
664 1896 843 1937 existente
877 1898 1054 1955 exiguam
1107 1908 1255 1942 tantum
1301 1898 1474 1943 celerita-

152 1967 235 1999 tem
264 1957 324 2000 illa
353 1956 524 1998 obtinere
554 1958 758 2013 pollemus,

648 2215 685 2256 E
713 2227 736 2255 e
769 2225 791 2264 3
1288 2219 1462 2261 HORO-
