1971 2700
187 189 479 235 EXPERIM.
514 190 593 232 DE
622 184 1080 232 COMPRESSIONE
1109 186 1285 232 AERIS
1359 200 1444 245 169

261 298 298 347 ξ.
329 317 397 342 10.
432 303 472 344 Si
504 303 764 355 dispersionem
815 301 1079 354 particularum
1129 315 1247 355 aquae
1283 313 1322 343 et
1357 318 1454 345 mer-

147 369 238 408 curii
290 368 556 407 confideramus
576 397 587 416 ‚
639 365 703 405 vel
738 365 811 404 dici
843 366 1015 418 poterit,
1068 368 1199 406 a'e'rem
1222 399 1232 419 ,
1265 367 1328 419 qui
1361 367 1457 407 sorte

148 431 185 470 in
221 431 361 471 bomba
393 441 430 470 et
461 431 496 469 in
527 428 728 468 interstitiis
768 440 885 481 aquae
933 429 1148 470 continetur
1180 440 1218 470 et
1249 431 1460 483 conglacia-

149 496 251 533 tione
286 498 466 548 separatur
495 501 533 531 et
562 491 747 545 colligitur
778 491 920 531 bomba
950 502 1060 546 rupta
1094 505 1183 533 cum
1218 494 1364 546 impetu
1392 506 1458 533 ex-

149 558 307 611 pansum
359 556 457 596 fuisse
496 566 535 594 et
566 568 700 608 aquam
753 564 791 594 et
837 556 1064 596 mercurium
1119 556 1347 610 dispersisse3
1399 556 1460 596 vel

146 633 280 674 aquam
313 629 351 659 et
384 619 609 659 mercurium
629 650 640 669 ,
674 631 831 671 quarum
863 619 988 672 prima
1019 620 1132 658 omni
1162 619 1426 672 compreffioni
1446 652 1457 672 ‚

145 694 414 737 quantacunque
463 681 506 722 fit
526 715 537 734 ,
587 694 608 722 a
640 682 812 733 plurimis
842 682 1000 722 resistere
1032 681 1138 734 posse
1171 683 1328 723 creditur
1347 715 1358 734 ‚
1392 695 1460 737 pa-

144 760 230 787 rum
261 745 468 798 comprimi
501 754 581 785 tam
618 745 754 796 ingenti
787 744 969 797 pressione
1001 753 1039 784 et
1071 744 1154 783 vim
1180 744 1366 786 elasticam
1387 746 1458 785 ob-

145 811 262 850 tinere
283 840 294 859 ,
330 820 421 862 quae
456 808 524 848 sese
557 807 738 861 prcssione
771 806 892 847 subito
923 806 1080 847 ceffixnte
1116 817 1274 859 exerat,
1326 807 1379 847 ita
1415 817 1456 848 vt

147 872 345 925 particulae
363 904 374 923 ,
405 885 494 924 quae
525 871 707 924 pressione
749 871 888 922 ingenti
923 871 961 910 in
995 871 1029 909 se
1062 879 1199 910 mutuo
1247 869 1457 911 ferebantur

143 935 234 975 illuc
266 934 360 975 latae
392 935 465 975 sint
484 967 495 986 ,
527 935 596 975 vbi
626 933 759 987 pressio
792 934 971 974 omnium
1004 934 1136 986 primo
1168 932 1290 973 subito
1331 934 1457 974 minu-

142 1006 182 1038 ta
214 998 264 1038 est
283 1030 294 1049 ‚
328 999 355 1038 i.
388 1010 422 1037 e.
459 997 546 1038 illuc
565 1030 576 1049 ,
608 998 676 1036 vbi
709 995 879 1036 craffities
911 996 1098 1049 parietum
1131 995 1298 1037 bombae
1342 998 1453 1038 mini-

142 1073 208 1100 ma
240 1061 323 1113 est;
359 1061 418 1100 vel
451 1061 566 1100 etiam
601 1061 753 1112 parietes
786 1059 950 1099 bombae
982 1059 1166 1111 pressione
1217 1060 1358 1113 ingenti
1397 1060 1456 1101 di-

143 1122 275 1162 latatos
295 1155 305 1173 ‚
336 1122 519 1175 pressione
552 1123 668 1162 subito
701 1121 860 1162 cessante
892 1131 933 1161 et
964 1122 1062 1161 rima
1096 1121 1190 1161 fincta
1212 1155 1222 1174 ‚
1273 1122 1345 1161 sese
1396 1135 1455 1162 re-

142 1185 289 1224 stituisse
322 1194 361 1223 et
394 1197 528 1236 aquam
563 1184 730 1233 eiecisse,
764 1183 828 1222 vbi
863 1192 990 1224 tamen
1024 1184 1225 1236 quomodo
1256 1187 1455 1227 mercurius

137 1246 275 1285 eiectus
313 1245 358 1285 sit
389 1245 586 1286 difficulter
630 1244 879 1301 intelligitur3
931 1246 997 1288 vel
1037 1248 1169 1290 omnia
1216 1246 1311 1289 haec
1359 1260 1452 1291 con-

135 1318 293 1348 currere.

601 1369 895 1451 Experim.
942 1371 1016 1431 V.

253 1486 288 1534 §.
313 1499 381 1527 11.
416 1485 611 1529 Bombam
660 1492 849 1532 maiorem
868 1524 879 1542 ‚
919 1491 959 1531 A
985 1489 1021 1531 B
1050 1490 1225 1532 diametri
1266 1502 1335 1532 12.
1372 1493 1449 1546 dig.
1461 1498 1526 1536 Fig·
1551 1503 1577 1538 3·

141 1547 188 1590 L.
222 1551 486 1603 experimento
518 1554 722 1606 repetendo
749 1556 962 1608 aptauimus
993 1563 1033 1595 et
1064 1555 1173 1595 simili
1192 1588 1204 1607 ,
1254 1569 1330 1609 quo
1362 1566 1451 1597 ante

138 1622 318 1666 apparatu
349 1614 582 1657 instruximus
602 1648 613 1669 ‚
646 1629 736 1657 cum
755 1628 898 1664 ,autem
931 1618 994 1658 snb
1033 1618 1141 1672 prelo
1188 1618 1301 1659 locari
1350 1618 1450 1661 haud

141 1675 260 1728 posset
293 1678 342 1716 ob
377 1679 560 1719 maiorem
608 1681 868 1731 diametrum,
917 1682 1034 1737 lapidi
1085 1682 1221 1722 molari
1271 1682 1335 1722 sub
1355 1696 1446 1736 por-

141 1746 176 1778 ta
211 1739 367 1790 quadam
401 1741 437 1780 E
457 1742 485 1781 F
504 1741 541 1782 G
561 1742 598 1781 H
630 1744 875 1796 imposuimus
904 1755 942 1785 et
983 1746 1133 1798 tignum
1169 1745 1331 1785 validum
1374 1745 1445 1786 11<

140 1801 406 1841 obturamento
435 1803 469 1842 L
501 1807 849 1857 perpendiculariter
880 1807 1152 1861 opposuimus,
1186 1809 1290 1860 quod
1334 1808 1447 1849 altera

138 1863 194 1904 sun
227 1866 469 1905 extremitate
498 1868 697 1920 attingebat
731 1882 879 1909 murum
904 1882 1069 1924 >magnae
1101 1870 1212 1910 molis
1243 1870 1448 1911 lateritium

140 1926 201 1968 M.
264 1926 580 1970 Obturamentum
612 1932 713 1984 quod
744 1933 855 1986 sesqui
888 1932 1046 1986 digitum
1081 1933 1225 1973 circiter
1257 1933 1354 1975 vltru
1389 1936 1447 1975 in-

140 1992 293 2030 teriores
324 1991 487 2031 bombae
520 1995 679 2045 parietes
712 1996 936 2047 procedebat
958 1997 1096 2036 >sensim
1131 1997 1313 2050 pressione
1330 2009 1447 2052 aquae

138 2052 353 2106 gelascentis
382 2055 595 2097 eleuabatur
614 2090 623 2108 ‚
658 2060 797 2110 partim
824 2059 883 2101 xob
904 2059 1024 2099 ¹fibras
1056 2060 1146 2112 ligni
1182 2059 1264 2099 >sese
1307 2074 1442 2115 parum

138 2116 393 2168 incuruantes,
428 2121 564 2171 partim
600 2121 652 2160 ob
682 2123 877 2166 cedentem
910 2122 1074 2179 lapidem
1108 2122 1297 2166 molarem
1320 2125 1444 2177 ‚forte

203 2180 325 2221 Tom.
358 2180 412 2222 11.
435 2182 540 2225 Nou.
561 2182 787 2226 Comment.
1071 2186 1111 2230 Y
1201 2238 1206 2242 ,
1328 2188 1440 2228 etiam
