1971 2700
342 188 713 236 VARIATIONIS
746 186 964 230 AVGERI
993 185 1212 228 POTEST
1362 203 1445 242 ως

144 306 335 361 superficie
369 303 562 353 mercurii,
595 303 660 341 ιιὲι·
679 299 879 351 ingreditur
911 311 977 338 vas
1011 298 1044 339 E
1063 297 1106 338 D
1125 298 1156 339 F
1188 308 1226 339 et
1254 304 1455 342 mercurius

145 372 288 411 eiicitur
338 381 387 409 ex
420 367 498 408 vase
531 366 566 406 E
585 363 625 405 D
644 363 674 403 F
694 395 704 414 ‚
740 362 827 402 hinc
863 362 1019 403 altitudo
1042 393 1052 412 ,
1086 362 1113 403 si
1142 372 1230 416 apta
1262 363 1453 404 luminum

147 435 184 474 E
215 444 252 473 et
283 430 317 472 C
350 433 442 473 ratio
471 429 616 482 eligitur
647 425 788 466 subietu
821 426 1027 467 restituitur.
1095 426 1199 467 Fluat
1247 440 1316 480 per
1345 441 1453 481 quat-

144 506 225 536 tam
261 505 407 549 partem
438 494 552 533 horae
582 490 644 530 vel
678 490 821 543 longius
852 499 1000 543 tempus
1017 500 1052 529 et
1071 490 1274 543 inquiratur
1299 492 1336 531 in
1355 504 1453 545 pon-

145 560 211 600 dus
241 559 383 612 elapsi;
417 555 594 597 'constabit
627 565 807 607 quantum
851 551 912 593 sub
946 554 1140 593 altitudine
1192 554 1230 593 A
1250 551 1285 593 C
1319 566 1368 594 ex
1399 555 1452 595 lu·

146 624 248 662 mine
278 620 312 662 C
345 632 413 660 vna
445 630 569 672 quarta
604 615 711 670 ¹purte
745 617 858 657 horae
890 617 951 657 vel
997 629 1065 669 per
1105 617 1249 669 longius
1299 628 1452 671 tempus

142 685 214 725 effl
211 695 281 725 ιι.ιιι
341 681 440 723 Cum
460 695 560 722 nunc
579 681 794 734 quantitates
827 679 1029 733 aequalibus
1061 681 1295 732 temporibus
1318 694 1368 721 ex
1387 695 1451 722 ae-

143 749 303 802 qualibus
330 745 527 787 luminibus
559 743 1028 805 elaplie‚s1·iltitudines
1061 742 1323 783 columnarum
1374 745 1452 786 sunt

144 811 342 864 inzziequiles
374 810 443 850 sint
479 809 533 848 vti
568 808 707 848 radices
738 795 1005 855 altitudinum,
1027 806 1231 857 quantitate
1265 806 1453 847 εἱεᾶιιεκ

146 875 287 927 aequali
319 873 459 913 lumine
491 872 669 925 cognita,
704 868 765 910 sub
798 869 871 910 alia
902 867 1091 910 altitudine
1125 868 1346 923 incognita,
1370 869 1452 910 alti-

144 939 235 976 tudo
267 935 339 989 ipsa
371 937 527 976 inueniri
559 935 708 988 poterit.
774 933 873 973 Hinc
906 933 943 972 in
975 931 1183 985 sequentem
1234 932 1452 975 Barometri

142 1000 456 1040 construffionem
489 999 605 1038 incidi

267 1118 626 1179 Construffio
669 1118 970 1175 barometri
1021 1115 1356 1194 hydraulicL

277 1237 311 1283 §-
335 1247 404 1286 24.
444 1233 484 1289 1)
518 1232 772 1288 Coniungatur
803 1247 890 1274 cum
911 1235 1133 1277 barometro
1149 1237 1311 1290 simplici
1339 1234 1451 1278 ΒΑΗ

142 1307 301 1352 argento
334 1300 425 1338 viuo
447 1299 558 1351 pleno
591 1309 628 1339 et
662 1300 700 1339 H
735 1299 912 1338 obturato
946 1311 1008 1339 vas
1056 1298 1091 1339 B
1110 1300 1146 1340 E
1165 1331 1176 1350 ‚
1214 1302 1311 1354 quod
1346 1301 1388 1341 sit
1419 1301 1450 1340 i-

140 1362 229 1402 dem
264 1374 353 1402 cum
388 1361 472 1402 vase
505 1360 590 1401 BC
612 1395 622 1413 ,
654 1361 720 1415 fig.
757 1375 796 1410 9.
882 1362 1069 1414 Apertum
1121 1361 1155 1403 C
1191 1363 1228 1402 in
1272 1365 1448 1404 barome-

147 1433 248 1465 trum
279 1424 382 1465 hians
415 1425 459 1465 fit
498 1425 618 1465 multo
660 1426 814 1466 minoris
844 1424 1015 1476 luminis,
1046 1438 1161 1478 quam
1196 1426 1302 1465 tubus
1334 1425 1447 1466 KAH

144 1496 182 1525 et
218 1496 385 1540 apertura
422 1489 516 1528 circa
548 1489 583 1528 E
615 1488 658 1528 sit
685 1488 880 1541 amplior,
911 1498 955 1528 vt
992 1489 1157 1541 recipere
1199 1488 1310 1542 possit
1362 1489 1449 1529 vasis

143 1548 287 1590 EDF
331 1552 539 1591 immobilis
579 1550 750 1591 ‘canalem
794 1547 900 1590 EG.
976 1551 1217 1591 Prohibeatur
1266 1553 1360 1591 aeris
1393 1552 1449 1589 in·

145 1611 277 1666 gressus
308 1613 406 1654 iuxta
439 1613 473 1654 B
504 1615 612 1654 omni
646 1613 787 1655 solertia

1462 1267 1522 1305 Fig.
1546 1275 1596 1299 ιο.

260 1706 302 1760 3)
332 1707 542 1760 Implentur
570 1708 686 1749 etiam
721 1707 808 1750 BE
839 1709 1042 1750 mercurio.

262 1799 308 1853 4)
343 1800 517 1853 Recipiat
555 1813 624 1840 vas
662 1801 750 1841 BE
788 1803 955 1842 canalem
998 1798 1091 1843 EG
1136 1803 1228 1842 vasis
1268 1803 1447 1856 EDF,

143 1864 264 1916 Prope
297 1863 331 1902 L
364 1863 408 1902 sit
455 1863 744 1915 foraminulum,
797 1865 896 1917 quod
930 1866 1141 1905 commode
1175 1865 1296 1907 claudi
1340 1877 1377 1906 et
1411 1879 1450 1906 a-

145 1927 259 1980 periri
292 1925 428 1980 potest.
491 1924 626 1966 Clauso
668 1925 854 1967 foramine
885 1926 919 1967 L

262 2018 306 2075 5)
339 2019 547 2073 Implentur
579 2020 692 2059 etiam
728 2031 796 2059 vas
835 2019 929 2060 ED
948 2021 977 2061 F
1010 2021 1199 2062 mercurio
1218 2056 1229 2077 ,
1263 2032 1300 2064 et
1341 2024 1434 2067 obtu

144 2091 246 2124 retur
276 2083 461 2124 orificium
494 2083 523 2124 F
559 2082 665 2122 bene.

736 2195 882 2246 Cc3
1403 2200 1447 2256 6)
