1971 2700
420 217 500 262 -DE
527 214 748 261 ssEsTns
780 211 1042 260 MARINIS.
1296 219 1381 266 262

78 337 198 395 :quillo
248 324 434 376 mariob
473 331 626 372 illorum
667 330 847 385 peritiam
898 342 984 371 raro
1032 327 1217 383 contingit
1235 360 1247 379 ,
1300 326 1391 368 licet

83 414 172 444 orae
203 397 358 452 cymbae
390 395 460 435 vvix
494 407 573 435 non
606 395 717 436 maris
747 394 950 450 superficiei
985 391 1182 448 parallelae
1200 392 1270 433 sint
1288 424 1300 443 ,
1326 389 1391 431 vel

83 465 259 507 maximo
290 458 464 501 dedecori
494 458 561 499 fibi
592 458 729 499 ducunt
747 490 758 511 ,
792 460 965 513 potitam
1017 455 1132 498 semel
1182 455 1357 510 praedam
1378 487 1391 507 ,

85 527 220 569 mortis
259 524 394 565 timore
426 521 546 562 adusti
577 522 735 563 abiicere
754 555 765 570 ,
797 531 841 562 vt
870 522 897 563 fi
931 533 1063 563 manus
1101 532 1180 560 non
1210 517 1392 560 sufficiant

84 591 185 646 aquis
215 586 425 629 euacuandis
445 618 455 638 ,
489 585 629 640 saepius
661 595 887 639 mergantur.
955 585 1022 626 Ob
1054 584 1301 624 venationem
1320 581 1392 622 hu·

84 656 136 696 ius
165 652 299 694 bestiae
317 648 550 691 ·audaciffimi
583 648 741 704 gentiles
771 650 919 701 cymbis
949 646 1254 703 suispapyraceis
1280 660 1323 698 4.
1349 655 1390 694 5.

86 716 253 759 milliaria
285 710 512 755 Germanica
545 713 584 753 in
618 717 721 752 [turre
753 712 889 752 abeunt
918 723 1036 765 vsque
1067 712 1112 751 ad
1136 709 1394 750 inhabitatam

87 779 238 822 inlhlam
269 777 369 820 Alait
399 776 566 829 dictam,
598 787 666 816 nec
698 787 782 815 raro
814 774 1023 828 contingit,
1056 782 1101 813 vt
1129 781 1247 813 vento
1264 772 1395 812 aduer-

90 844 130 885 so
161 842 301 896 abrepti
330 854 372 892 4.
406 850 450 890 5.
487 840 533 881 ad
570 845 610 882 8.
643 839 721 880 dies
760 837 896 892 absque
948 837 1090 892 pyxide
1139 835 1283 876 nautica
1342 832 1396 874 fa-

90 906 214 948 melici
232 905 272 945 in
291 905 386 946 mari
419 903 599 945 oberrent
617 935 628 954 ,
663 913 731 942 nec
761 902 1041 952 continentem,
1084 911 1155 939 nec
1188 897 1317 939 insulas
1333 897 1394 937 vi-

89 970 197 1011 deant
215 1000 226 1021 ‚
258 967 340 1008 solis
369 980 411 1008 ac
442 967 548 1008 lunae
579 974 705 1008 ortum
737 974 775 1005 et
815 966 987 1006 occasum
1021 963 1172 1005 reduces
1202 961 1322 1002 solum
1358 960 1396 999 in

88 1032 279 1074 confilium
312 1031 528 1073 adhibeant.
753 1044 755 1047 ’

206 1095 244 1134 T
247 1107 313 1136 am
353 1094 566 1148 panniculus
613 1092 782 1149 adiposus
799 1125 810 1145 ,
860 1103 974 1146 quam
1024 1102 1114 1132 caro
1166 1090 1401 1144 praedulcis‚'

93 1157 234 1212 fizpidus
264 1170 306 1198 ac
339 1159 526 1210 expetitus
557 1157 609 1196 est
628 1188 639 1207 ,
672 1158 804 1209 pinnae
836 1154 975 1207 pedum
1007 1153 1230 1207 gelatinofioe
1264 1155 1399 1209 impri-

92 1224 165 1261 mis
195 1220 235 1259 in
264 1217 404 1258 deliciis
436 1218 615 1257 habentur
634 1248 644 1267 ‚
671 1217 870 1270 ‘pinguedo
917 1226 995 1256 non
1028 1217 1219 1270 oleaginea
1255 1215 1326 1270 est,
1358 1225 1402 1258 vt

92 1283 300 1336 phocarum
324 1289 371 1320 ret
401 1291 595 1330 orcarum,
628 1279 687 1321 sed
721 1280 916 1322 consistens
947 1292 1023 1320 non
1057 1280 1221 1320 multum
1256 1281 1303 1321 ab
1334 1290 1402 1320 vr-

90 1345 214 1385 sorum
245 1342 478 1384 marinorum
512 1343 640 1383 colore
660 1376 671 1395 ,
703 1343 824 1384 odore
855 1353 894 1383 et
927 1343 1053 1396 sapore
1091 1339 1274 1383 differens.
1327 1340 1402 1383 Ca-

91 1407 254 1449 tulorum
290 1407 481 1459 pinguedo
512 1418 713 1447 veruecum
747 1407 1015 1460 pinguedinem
1057 1406 1250 1447 dulcedine
1298 1403 1404 1461 supe*

96 1480 151 1512 rat
182 1469 384 1510 medullam
419 1469 592 1511 tibiarum
635 1469 758 1510 refert.
827 1470 864 1511 E
897 1480 979 1510 cute
1015 1479 1145 1523 parant
1192 1469 1273 1511 lora
1294 1503 1305 1523 ,
1346 1469 1404 1511 so-

97 1533 169 1575 leas
194 1545 271 1586 ,pro
304 1533 433 1581 calceis
451 1566 462 1585 ‚
495 1535 578 1574 imo
611 1532 755 1574 calceos
786 1543 826 1574 et
856 1545 997 1574 ocreas.

210 1595 406 1648 Polygami
428 1596 515 1637 -sunt
538 1628 549 1649 ,
584 1609 675 1637 vnus
709 1609 789 1637 mas
824 1599 931 1651 saepe
975 1609 1016 1637 2.
1050 1606 1095 1645 ’3.
1132 1610 1174 1648 4.
1205 1594 1405 1640 *focmessas

95 1658 238 1711 habet,
272 1659 416 1712 pariunt
445 1661 552 1701 *circa
602 1660 749 1701 initium
783 1659 870 1700 Iulii
919 1660 1050 1702 menfis
1080 1661 1120 1700 in
1152 1662 1405 1715 continente,

100 1729 248 1777 partum
282 1722 521 1764 solummodo
560 1723 718 1776 singulae
759 1723 949 1777 -fingulum
1001 1726 1191 1765 enituntur
1208 1758 1218 1776 ‚
1268 1733 1408 1766 matres

99 1784 239 1826 catulos
275 1784 446 1824 vberibus
474 1786 624 1825 lactant.
692 1784 843 1826 Coeunt
880 1786 1035 1839 August.
1073 1797 1110 1827 et
1141 1786 1247 1840 Sept.
1280 1784 1407 1841 hinc,

105 1847 205 1901 quod
229 1847 409 1886 credibile
430 1879 440 1898 ‚
475 1857 631 1900 partum
670 1859 737 1901 per
771 1862 811 1898 9.
845 1849 987 1889 menses
1015 1850 1053 1889 in
1086 1859 1198 1890 vtero
1238 1851 1407 1903 gestant„

102 1910 388 1964 congrediuntur
419 1921 527 1949 more
561 1909 731 1951 vrforum
760 1912 1014 1952 marinorum.
1060 1911 1214 1953 Musculi
1250 1913 1412 1954 foemel·

104 1974 156 2014 las
187 1974 224 2012 in
256 1975 428 2013 maximo
461 1971 605 2013 honore
634 1973 781 2014 habent
799 2007 810 2026 ,
845 1987 911 2015 nec
946 1975 1043 2014 adeo
1075 1975 1164 2016 dure
1190 1977 1349 2017 tractant
1367 1964 1409 2017 vt

107 2037 180 2077 vrst
211 2035 375 2087 marini,
407 2035 592 2076 blanditiis
623 2036 883 2079 foemellarum
923 2037 1035 2078 valde
1076 2039 1337 2093 delectantur,
1369 2052 1410 2081 ac

109 2100 308 2152 reciprocis
337 2099 601 2153 copiosioribus
633 2100 714 2154 plus
741 2101 887 2142 illarum
919 2102 1097 2142 affectum
1138 2104 1322 2144 demereri
1360 2103 1412 2144 sa-

107 2171 252 2217 tagunt.
317 2162 354 2202 T
356 2174 418 2204 am
448 2175 574 2205 mares
593 2197 604 2217 ,
637 2177 748 2217 quam
780 2164 979 2207 foemellae
1010 2166 1159 2222 prolem
1192 2166 1271 2208 fluis
1295 2166 1413 2217 negli-

666 2224 704 2269 Z
736 2238 759 2267 z
794 2240 817 2265 2
1280 2238 1407 2285 genter
