1971 2700
441 172 697 222 ECLIPSES
730 173 1141 224 LVMINARIVM.
1394 178 1487 234 {17

185 300 401 350 praematur
419 322 429 342 ‚
463 290 686 332 Astronomi
714 290 890 332 hodierni
908 301 1057 332 mutato
1074 290 1193 346 priori
1211 290 1363 334 consilio
1380 293 1494 336 chor-

185 360 250 399 das
282 357 472 399 destitiuas
503 354 702 409 phase—sque
732 354 907 409 eclipseos
939 355 1086 396 diuersis
1115 357 1354 410 temporibus
1398 357 1493 399 seor-

185 422 255 462 fim
288 421 477 462 obstruant
496 451 506 470 ,
540 428 577 458 et
609 431 682 459 vna
715 419 965 460 obseruatione
996 433 1068 473 pro
1086 421 1259 474 primaria
1278 420 1461 475 assumpta
1481 455 1492 474 ‚

183 485 335 525 alteram
367 483 665 524 obseruationem
699 484 744 523 ad
778 485 880 523 idem
915 497 1001 525 cum
1032 485 1148 537 priori
1181 492 1331 537 tempus
1349 498 1416 538 per
1433 497 1492 525 re-

183 548 311 601 gulam
344 547 637 602 proportionum
671 547 877 600 reducunt3
913 548 1014 601 quod
1053 547 1179 600 vtique
1213 546 1312 588 flictu
1362 547 1492 589 facilli-

183 624 294 652 mum
327 611 440 662 esset,
473 610 500 650 fi
530 611 710 663 quantitas
744 610 891 651 alterius
921 610 1071 664 quaesiti
1120 610 1299 664 eclipseos
1331 624 1400 665 per
1433 623 1489 652 re·-

180 676 307 728 gulam
341 675 441 715 illam
475 674 521 713 ad
554 683 701 727 tempus
732 673 994 713 obseruationis
1028 686 1100 726 pro
1134 676 1309 727 primaria
1357 676 1492 716 assum-

180 747 267 791 ptae
298 747 461 779 accurata
496 737 657 777 obtineri
693 736 845 790 posset·⁷
878 737 1110 776 incrementa
1142 739 1246 777 enim
1290 747 1329 778 et
1361 739 1491 778 decre-

176 812 304 842 menta
334 801 500 854 phasium
535 800 710 853 eclipseos
741 800 1036 853 chordarumque
1074 799 1339 840 deiectam-um
1393 810 1489 841 tem-

177 866 261 918 pori
292 866 455 904 minime
488 863 784 917 proportionalia
818 862 930 915 sunt3
975 862 1075 915 quod
1126 873 1254 903 tamen
1285 864 1324 903 in
1365 864 1487 904 deter-

172 929 383 968 minatione
415 927 476 968 illa
508 927 636 968 aisumi
685 924 888 966 necessario
938 925 1060 965 debet.
1133 927 1249 967 Porro
1298 928 1484 968 certitudo

170 991 420 1031 distantiarum
452 1004 519 1044 per
551 991 721 1030 cochleas
775 991 811 1029 iu
843 989 1095 1030 m'icrometris
1128 989 1186 1029 his
1225 990 1397 1043 vsitatas,
1442 991 1486 1031 li-

172 1064 234 1093 cet
251 1053 507 1094 accuratissime
527 1054 816 1094 meiisuratarum
829 1084 838 1103 ‚
851 1053 901 1092 ob
917 1052 1230 1093 construetionem
1241 1054 1481 1094 cochlearum

169 1117 535 1168 applicationemque
568 1118 613 1157 ad
648 1117 779 1156 tubum
813 1124 1019 1154 accuratam
1061 1114 1256 1154 difficilem
1277 1147 1287 1166 ,
1337 1115 1379 1154 in
1412 1117 1483 1156 du-

169 1178 277 1218 bium
310 1176 406 1216 milii
437 1178 561 1214 vocari
592 1177 696 1228 posse
729 1177 885 1215 videtur.
956 1175 1051 1216 Non
1084 1175 1188 1216 filcile
1224 1178 1326 1218 enim
1363 1179 1480 1220 credi-

166 1241 292 1280 derim
326 1236 569 1278 reuolutiones
600 1238 840 1279 cochlearum
874 1238 920 1278 ab
953 1238 1094 1279 artifice
1126 1241 1286 1292 praecise
1318 1241 1481 1295 aequales

167 1301 440 1355 aequabilesque
474 1301 635 1341 omnino
674 1302 807 1354 reddi,
857 1302 920 1341 vel
953 1299 998 1342 ab
1032 1302 1093 1342 vsu
1126 1303 1335 1358 iniuriisque
1384 1305 1480 1346 a'e'ris

167 1366 288 1406 tradtu
320 1365 501 1417 temporis
533 1365 726 1405 inuariatas
758 1365 971 1418 persistere,
1005 1377 1065 1406 aut
1096 1366 1267 1407 cochleas
1307 1368 1400 1421 ipsas
1429 1369 1477 1409 ad

163 1441 281 1469 axem
313 1429 391 1468 tubi
426 1427 578 1480 praecise
614 1429 959 1481 perpendiculariter
991 1429 1168 1483 applicari
1201 1430 1316 1483 posse.
1371 1432 1480 1472 Prae-

165 1501 268 1532 terea
302 1491 543 1545 quantitatem
577 1491 818 1531 reuolut'ionis
849 1492 1026 1531 cochleae
1056 1494 1096 1532 in
1139 1494 1302 1545 partibus
1350 1494 1480 1535 circuli

165 1556 331 1596 maximi
373 1553 676 1595 accuratissimam
697 1587 707 1606 ‚
742 1555 857 1608 qualis
888 1555 924 1593 in
958 1555 1032 1594 hoc
1063 1557 1222 1609 negotio
1254 1559 1476 1612 requiritur,

163 1631 234 1672 per
266 1617 466 1659 methodos
497 1618 682 1672 hucusque
716 1618 892 1671 vsitatas3
927 1631 1067 1672 nempe
1093 1632 1162 1672 per
1181 1621 1370 1661 distantias
1388 1634 1476 1661 mo-

167 1690 321 1734 tumque
369 1682 552 1721 stellarum
572 1713 583 1732 ,
634 1691 671 1721 et
710 1682 1033 1722 mensurationem
1087 1684 1224 1724 obieffi
1257 1686 1294 1724 in
1329 1685 1473 1726 Terrae

165 1743 353 1796 superficie
382 1742 530 1780 affumti
564 1745 896 1793 per„i·nterii·.ilium
931 1746 1123 1797 cognitum
1156 1748 1202 1786 ab
1235 1748 1469 1789 obseruatore

160 1807 298 1846 remoti
330 1806 395 1844 vix
427 1804 553 1843 haberi
584 1803 690 1857 posse
718 1807 889 1845 arbitror.
956 1806 1141 1848 Distantia
1174 1811 1278 1849 enim
1311 1811 1470 1852 duarum

162 1869 344 1926 stellarum
377 1868 414 1906 in
448 1868 610 1920 partibus
639 1868 766 1909 circuli
801 1870 964 1909 maximi
996 1881 1158 1912 accurata
1192 1886 1267 1912 non
1287 1875 1352 1915 nisi
1370 1875 1469 1915 diffi-

165 1933 307 1983 culter,
340 1940 379 1970 et
411 1943 546 1983 magua
579 1931 730 1985 ambage
746 1933 905 1972 inueniri
938 1934 1089 1987 potest,
1122 1948 1189 1977 nec
1209 1937 1338 1978 eadem
1358 1939 1469 1979 omni

164 2006 334 2049 tempore
368 2004 526 2045 manet,
561 1995 620 2034 sed
653 2006 819 2035 mutatur
847 2010 934 2037 cum
987 1997 1212 2039 1·efi·:.iCtione
1262 2002 1464 2042 radiorum.

162 2061 280 2100 Arcus
310 2067 432 2098 autem
472 2059 674 2111 aequatoris
723 2059 915 2100 distantiae
962 2060 1120 2103 duorum
1169 2063 1389 2115 capillorum
1424 2066 1464 2105 iii

161 2124 406 2164 micrometro
439 2121 672 2161 extensorum
707 2124 866 2177 aequalis
894 2137 961 2180 per
992 2135 1143 2166 motum
1179 2126 1298 2167 stellae
1317 2128 1466 2169 alicuius

223 2186 343 2227 Tom.
363 2184 415 2227 11.
435 2185 543 2228 Nou.
563 2183 793 2228 Comment.
1038 2187 1076 2230 G
1107 2202 1131 2242 g
1163 2202 1189 2243 g
1395 2193 1463 2236 de-
