1971 2700
502 188 597 231 392
841 175 922 220 DE
953 171 1172 219 BESHIS
1204 168 1475 218 MARINIS.

619 290 817 349 Quantum
851 289 897 332 ad
948 289 1264 344 pulchritudinem
1316 287 1489 329 animalis
1534 282 1592 328 et'
1624 291 1823 347 praecipue

503 355 638 412 pellis,
669 355 766 397 forte
810 354 904 395 haec
948 354 1043 394 lutra
1098 352 1171 394 sola
1221 352 1527 406 incomparabilis
1560 359 1600 392 et
1631 351 1708 392 sine
1740 356 1822 407 pari

504 432 574 462 nec
606 421 682 461 fine
718 419 870 481 stupore
906 417 1073 470 pilorum
1124 415 1398 470 pulchritudine
1432 426 1470 456 et
1503 415 1664 456 mollitie
1714 417 1825 459 veluti

505 485 685 537 princeps
717 491 855 520 omnes
887 478 1033 520 Oceani
1064 479 1157 520 vasti
1190 479 1332 520 incolas
1353 480 1486 520 vincit.
1528 478 1646 534 Quod
1672 479 1720 520 ad
1741 484 1826 521 moss

505 554 566 586 res
599 555 680 586 tam
715 544 752 584 in
786 543 950 585 Oceano
972 573 983 594 ‚
1027 555 1141 596 quam
1178 543 1216 583 in
1249 544 1470 584 continente
1517 543 1642 582 viuere
1692 551 1830 597 amat,

505 610 711 663 praecipue
742 616 868 648 autem
900 606 952 647 ob
980 606 1088 647 dulce
1121 606 1244 646 otium
1278 608 1432 648 incultas
1464 606 1609 648 Oceani
1630 605 1758 647 insulas
1775 607 1832 648 iu·

505 673 678 726 gentibus
726 671 900 726 gregibus
948 669 1147 722 incolunt,
1197 681 1357 725 propter
1392 671 1519 712 cibum
1568 670 1797 723 capiendum
1817 701 1830 724 ,

508 736 607 777 aestu
639 735 750 777 maris
776 734 1024 786 imminuto,
1049 734 1131 775 loca
1179 733 1338 786 vadosa,
1376 734 1502 775 saxosa
1553 743 1589 774 et
1623 734 1712 775 fucis
1743 732 1831 775 her-

508 799 594 840 bosa
614 808 745 855 petunt
759 831 770 850 ,
804 809 1023 852 gamm-aros
1042 830 1053 849 ,
1087 797 1291 851 musculos,
1325 798 1492 851 mytulos
1510 831 1521 850 ,
1541 796 1715 838 cochleas
1734 831 1744 849 ,
1764 807 1830 851 pa-

507 863 612 904 tellas
633 854 874 934 ,”Ῥο]γροε,
912 861 1027 915 sepias
1053 860 1237 914 colligunt
1268 871 1310 902 et
1340 862 1536 903 deuorant.
1603 860 1714 902 Fucis
1750 871 1834 902 ma-

506 927 597 967 rinis
619 938 704 968 non
738 925 803 966 nisi
839 925 963 965 inedia
995 924 1150 964 coactae
1181 923 1378 977 pascuntur
1398 957 1410 978 ,
1438 925 1656 967 comedunt
1689 923 1835 978 pisces,

506 989 652 1043 aphyas
687 1001 773 1030 acus
821 999 860 1028 et
895 987 1091 1042 pisciculos
1123 986 1403 1029 Kamtschatico
1437 989 1619 1030 idiomate
1654 987 1759 1040 Uiky
1779 987 1837 1028 di-

510 1053 593 1094 ἂοε
612 1086 624 1105 ,
657 1065 679 1093 a
713 1051 882 1093 fluetibus
914 1051 1057 1091 vernali
1085 1060 1271 1104 tempore
1299 1053 1507 1092 *incredibili
1541 1052 1652 1104 copia
1687 1052 1723 1090 in
1752 1051 1839 1091 litus

510 1117 757 1165 eliminatos,
789 1127 857 1154 nec
891 1114 1074 1153 abstinent
1099 1127 1127 1153 -a
1162 1116 1343 1156 camibus.
1405 1114 1545 1155 1nueni
1596 1113 1731 1154 lutram
1782 1112 1839 1153 al-

513 1179 624 1218 terius
671 1177 788 1217 lutrae
838 1177 1054 1216 excoriatae
1088 1176 1257 1215 abiectae
1280 1189 1416 1217 ,carnes
1445 1177 1722 1216 comedentem
1741 1208 1753 1229 ,
1786 1177 1839 1218 ita

515 1249 561 1281 vt
597 1240 860 1296 pamphagum
892 1238 1034 1280 animal
1057 1235 1306 1280 «censendum.

631 1368 787 1419 Hyeme
821 1366 960 1420 partim
992 1366 1102 1419 snper
1134 1363 1274 1419 glacie,
1303 1365 1449 1418 partim
1483 1365 1520 1403 in
1555 1365 1662 1404 litore
1686 1367 1807 1406 iacent
1827 1398 1839 1418 ,

514 1431 648 1475 aestate
680 1431 814 1471 fluuios
838 1429 1113 1483 ingrediuntur,
1147 1429 1232 1468 imo
1266 1427 1312 1467 ad
1345 1428 1442 1467 lacus
1472 1437 1651 1480 pergunt,
1683 1440 1728 1468 ac
1760 1429 1842 1470 dul-

517 1498 622 1537 cibus
651 1495 754 1549 aquis
786 1493 1036 1534 vehementer
1066 1491 1293 1533 delestantur
1311 1524 1322 1544 ,
1348 1491 1482 1531 -calidis
1511 1491 1640 1532 diebus
1685 1492 1842 1532 conual-

517 1561 569 1602 les
599 1571 638 1600 et
673 1558 824 1599 recess‘us
857 1556 1055 1598 vmbrosos
1082 1557 1180 1597 intra
1209 1564 1365 1596 montes
1395 1564 1533 1609 petunt
1553 1586 1564 1605 ,
1599 1555 1723 1609 ibique
1753 1567 1841 1596 mo-

519 1637 557 1666 re
608 1624 797 1664 simiarum
837 1622 960 1661 varios
1017 1619 1107 1662 lusus
1150 1628 1356 1660 exercent:
1410 1618 1594 1659 hilaritate
1614 1651 1625 1669 ,
1680 1618 1843 1674 lusibus,

517 1688 659 1744 pedum
693 1686 882 1726 celeritate
912 1686 1045 1725 omnia
1074 1684 1221 1738 reliqua
1253 1682 1451 1736 amphibia
1485 1683 1650 1723 vincunt.

638 1814 684 1855 In
716 1815 934 1854 continente
963 1812 1089 1852 iacent
1120 1823 1235 1852 more
1268 1822 1405 1852 canum
1430 1841 1441 1861 ,
1482 1821 1640 1863 corpore
1690 1815 1846 1849 contor-

519 1892 563 1922 to
587 1911 597 1931 ‚
647 1888 847 1931 antequam
882 1889 903 1916 e
935 1877 1027 1918 mari
1081 1875 1208 1929 egressi
1268 1874 1442 1916 somnum
1495 1874 1678 1926 capiunt,
1731 1870 1851 1914 excu-'

524 1945 624 1983 tiunt
657 1954 769 1983 more
803 1953 938 1980 canum
970 1952 1106 1992 aquam
1139 1952 1302 1979 omnem
1324 1971 1335 1990 ,
1365 1938 1453 1978 dein
1485 1936 1726 1977 anterioribus
1776 1947 1842 1990 pe·

523 2007 630 2046 dibus
666 2017 771 2044 more
805 2014 974 2043 catorum
1008 2003 1142 2042 facicm
1177 2000 1421 2050 derrmlcent,
1461 2011 1594 2052 corpus
1635 2000 1842 2052 stringunt,

524 2068 622 2123 pilos
655 2067 860 2116 ordinant,
891 2075 1003 2118 caput
1033 2065 1081 2103 ab
1115 2075 1192 2101 mo
1226 2065 1337 2102 latere
1368 2063 1404 2101 in
1438 2063 1597 2103 alterum
1637 2064 1841 2112 moutam,

522 2132 556 2173 se
577 2131 768 2171 intuentur
803 2129 945 2180 sibique
979 2128 1075 2167 mire
1108 2126 1272 2180 placent.
1314 2126 1403 2167 Vidi
1437 2139 1558 2167 mares
1590 2127 1715 2166 varios
1747 2123 1843 2164 lusus

1750 2197 1841 2228 cum
