1971 2700
489 164 550 214 4⁶
553 172 580 202 0
775 157 828 200 M
833 156 949 202 ETH
952 155 1058 202 ODt
1064 158 1109 201 'S
1138 153 1245 203 OBS
1249 154 1436 202 ERVAN
1439 157 1506 201 DI

484 280 650 336 partibus
679 279 858 321 diametri
889 279 1018 321 Lunie
1038 291 1105 334 per
1123 278 1241 329 ἕψω
1261 279 1354 320 datis
1372 279 1616 322 determinari
1636 278 1803 334 possint,

485 345 748 399 concipiamus
782 357 851 397 per
887 344 1072 395 punstum
1103 344 1156 396 d,
1192 344 1347 385 duo-„im
1382 344 1459 386 effe
1491 347 1631 386 liuezun
1683 344 1713 384 d
1735 358 1754 385 e
1778 344 1808 387 b

485 410 621 450 diurno
656 409 785 448 Lunae
817 408 1030 460 parallelum
1051 439 1062 458 ‚
1113 420 1197 448 eam
1219 437 1232 458 ‚
1283 420 1352 462 per
1385 422 1497 464 quam
1517 409 1701 462 punstum
1721 408 1813 449 disci

487 473 646 514 Lunaris
675 473 702 512 d
736 473 773 510 iu
809 471 900 510 tubo
936 482 1111 524 tempore
1147 471 1415 513 obseruationis
1465 473 1674 526 speftntum
1723 485 1810 513 mo-

486 548 601 577 vetur
620 569 630 585 ,
665 546 850 588 motuque
886 535 950 575 suo
967 535 1015 574 ad
1033 534 1190 587 capillos
1208 547 1233 590 q
1249 548 1272 576 r
1289 547 1327 576 et
1349 535 1382 576 B
1401 536 1442 578 D
1463 539 1499 577 iu
1521 537 1667 590 pumstis
1685 548 1704 576 e
1723 546 1764 576 et
1781 533 1812 578 h

487 599 646 653 appellit
667 631 676 650 ,
726 598 863 639 lincam
897 610 1024 639 autem
1044 611 1067 639 n
1094 599 1130 640 R
1153 611 1219 652 per
1251 601 1438 653 pune‘tum
1460 616 1482 642 n
1502 601 1653 641 due-‘tam
1675 599 1812 640 diurno

488 663 645 704 vmbrac
678 663 921 716 parallchm,
958 673 997 703 et
1031 665 1076 704 ad
1109 662 1247 704 lineam
1279 663 1384 706 deb
1403 667 1595 720 obliquam
1616 664 1689 705 effe
1707 676 1812 709 mm.

488 741 558 782 per
589 739 703 782 quam
740 727 923 780 puuctum
959 726 1047 767 disci
1083 727 1237 768 vmbme
1268 741 1292 769 n
1325 729 1463 770 codem
1500 741 1675 782 tempore
1693 728 1732 767 in
1753 739 1815 770 tu·

491 794 543 833 bo
580 802 788 842 mouetur,
823 801 1010 845 motuque
1044 791 1110 831 suo
1148 791 1265 832 lineas
1282 792 1347 833 fibi
1367 794 1564 846 proximas
1596 805 1662 836 xv
1694 802 1816 835 etuv

489 857 528 897 in
564 855 714 909 punctis
745 856 769 895 h
803 866 840 895 et
874 856 909 897 R
945 856 1109 908 attingit.
1197 855 1264 897 Ex
1319 857 1579 898 obseruatione
1633 857 1816 910 superiori

489 920 647 974 plmseos
681 919 816 959 dantur
850 929 1024 972 tempora
1044 952 1054 970 ,
1091 918 1149 960 scu
1184 919 1434 962 oscillatioucs
1476 922 1702 975 horologii,
1731 921 1817 975 qui-

489 985 554 1024 bus
585 982 804 1024 dumutibus
836 983 1023 1036 puuftum
1058 983 1144 1024 disci
1180 985 1348 1026 vmbrofi
1367 998 1416 1036 n,
1436 996 1546 1026 motu
1575 987 1711 1026 diurno
1731 998 1818 1026 vm-

489 1048 578 1088 brae
616 1049 654 1088 in
688 1048 833 1088 circulo
865 1049 941 1088 eius
982 1048 1121 1088 diurno
1153 1048 1271 1089 latum
1294 1082 1304 1100 ,
1353 1049 1541 1099 distantias
1573 1062 1596 1089 n
1615 1051 1638 1090 b
1669 1061 1706 1089 et
1735 1050 1760 1090 b
1779 1049 1815 1092 R

490 1113 675 1165 percurrit
695 1144 704 1161 ,
740 1123 809 1150 nec
844 1124 923 1150 nou
957 1122 1164 1165 tempora,
1199 1114 1333 1167 quibus
1365 1114 1551 1167 pund'tum
1584 1112 1672 1154 disci
1691 1112 1818 1154 Luna·

492 1175 543 1215 ris
576 1176 629 1226 d,
665 1183 778 1214 motu
809 1174 945 1214 diurno
979 1175 1111 1214 Lunae
1152 1177 1191 1215 in
1226 1178 1370 1217 circulo
1403 1178 1480 1217 eius
1530 1178 1663 1217 diurno
1714 1178 1820 1218 ince-

491 1238 649 1289 dendo,
685 1237 803 1277 lineas
835 1238 924 1289 ed,
959 1237 1049 1288 eh,
1093 1239 1282 1279 emetitur.
1352 1239 1417 1279 Ex
1449 1239 1703 1280 obleruatione
1754 1254 1818 1282 au-

493 1313 574 1343 tem
608 1297 702 1350 §3¹50
737 1300 918 1352 descripta
950 1302 1086 1340 dautur
1116 1303 1233 1341 etiam
1266 1313 1442 1356 tempora
1463 1336 1473 1354 ,
1493 1305 1624 1356 quibus
1641 1315 1819 1346 centrum

492 1366 623 1408 Lunae
658 1367 695 1405 in
730 1365 868 1405 diurno
919 1364 983 1405 suo
1018 1364 1134 1405 latum
1186 1365 1372 1406 distantias
1422 1367 1545 1406 redhis
1593 1368 1820 1421 capillorum

493 1430 672 1472 omnium
708 1428 839 1469 iuterl‘e
871 1428 909 1467 in
946 1429 1042 1469 linea
1078 1425 1172 1471 GC
1206 1429 1417 1470 incedendo
1466 1430 1600 1470 traiicit
1625 1464 1635 1482 ‚
1691 1432 1822 1472 conle-'

493 1504 653 1550 quenter
682 1503 722 1533 et
756 1503 966 1547 tempora,
998 1493 1134 1547 quibus
1174 1493 1275 1534 idem
1311 1494 1524 1535 distantiam
1576 1495 1721 1535 rce'tam
1758 1507 1824 1535 ca-

494 1560 680 1614 pillorum
716 1569 782 1612 qr
814 1568 852 1598 et
887 1555 981 1598 BD
1014 1558 1073 1598 seu
1109 1559 1251 1599 lineam
1274 1572 1307 1612 g
1330 1558 1387 1614 f,
1440 1571 1511 1598 nec
1546 1571 1624 1599 non
1659 1557 1822 1600 similem

493 1623 706 1664 distantiam
741 1622 969 1676 capillorum
1005 1635 1035 1663 x
1038 1636 1073 1673 y
1107 1632 1147 1663 et
1178 1635 1272 1675 uv,
1324 1621 1382 1663 seu
1416 1623 1560 1663 lineam
1595 1623 1826 1664 aPemeti-

495 1699 567 1728 tur.
604 1687 728 1728 Lineis
760 1688 883 1740 itaque
917 1699 938 1727 e
957 1687 1011 1738 d,
1045 1685 1111 1728 eh
1130 1718 1139 1731 ‚
1172 1688 1338 1741 itemque
1353 1687 1443 1739 bR,
1460 1688 1516 1729 bn
1535 1699 1602 1727 nec
1622 1700 1696 1728 non
1724 1687 1821 1744 gf,

495 1762 535 1792 et
553 1765 580 1794 a
597 1752 625 1792 P
652 1750 946 1791 osculationibus
966 1750 1184 1805 horologii,
1200 1763 1269 1791 ceu
1289 1751 1454 1804 partibus
1473 1751 1683 1805 aequalibus
1700 1751 1825 1792 diuer-

497 1816 615 1857 sarum
644 1814 823 1856 scalarum
845 1815 1038 1868 expressis,
1057 1815 1108 1855 ob
1127 1815 1357 1868 triangulum
1375 1814 1471 1869 hdg
1489 1815 1609 1857 {imile
1629 1816 1822 1870 triangulo

495 1881 587 1937 eds
600 1893 668 1934 per
684 1880 1007 1920 constructionem
1028 1911 1039 1930 ,
1055 1878 1227 1920 inferatur
1245 1880 1376 1933 primo
1393 1911 1404 1931 ,
1422 1890 1468 1921 vt
1485 1880 1542 1921 eh
1560 1911 1570 1930 ,
1593 1880 1626 1918 se
1645 1880 1757 1920 habet
1775 1880 1823 1922 ad

487 1945 582 1999 gs,
605 1945 654 1984 ita
672 1955 692 1983 e
709 1943 753 1995 d,
772 1944 818 1984 ad
850 1940 954 1996 ds,
985 1943 1197 1984 distantiam
1221 1944 1352 1997 pune'ti
1387 1945 1434 1995 d,
1469 1957 1489 1983 a
1521 1944 1659 1995 capillo
1677 1957 1702 1999 q
1719 1956 1742 1984 r
1769 1945 1825 1986 ci-

498 2011 588 2050 dem
625 2008 842 2059 proximo,
875 2005 1168 2047 osculationibus
1201 2006 1395 2060 horologii
1431 2007 1476 2046 ad
1510 2018 1662 2049 motum
1705 2008 1825 2049 centri

499 2073 628 2115 Lunae
665 2069 789 2109 relatis
806 2071 1028 2123 expressim.
1065 2069 1312 2110 Subtrahatur
1332 2071 1427 2110 linea
1447 2070 1539 2111 haec
1559 2072 1632 2130 ds
1649 2085 1668 2113 a
1689 2072 1827 2113 distau-

501 2139 551 2178 tia
586 2131 689 2176 resta
721 2133 949 2186 capillorum
988 2134 1073 2174 HF
1108 2144 1146 2173 et
1179 2145 1243 2187 qr
1276 2132 1369 2185 §3¹⁵0
1405 2135 1443 2174 iu
1481 2136 1616 2177 iisdem
1662 2137 1827 2191 partibus

500 2203 614 2253 data,
646 2196 930 2251 chffcrcmiaque
965 2195 1022 2239 {eu
1056 2197 1153 2239 linea
1187 2198 1293 2251 md,
1327 2198 1559 2242 subtrahitur
1592 2212 1613 2240 a
1638 2201 1827 2242 diametro

1695 2265 1834 2307 Lunae.
