1971 2700
490 229 596 280 242*-
684 218 764 268 DE
792 217 1213 270 VEGETATIONE
1254 218 1658 268 PLANTARVM;

486 341 625 384 eodem
661 351 837 396 tempore
867 339 944 381 iere
979 345 993 390 ξ,
1026 339 1119 394 poll.
1154 338 1259 382 vnde
1299 349 1458 397 vterque
1496 339 1633 382 eadem
1681 340 1813 386 celeri-

487 415 566 449 tate
596 406 758 449 crestere
788 403 986 466 centendus·
1019 403 1207 459 hucusque
1238 405 1305 447 est.

842 527 1449 592 CONSECTARIA.

602 649 799 706 Expositis
831 649 884 692 ita
917 649 1083 692 fideliter
1111 653 1382 708 experimentis
1421 653 1480 695 his
1511 666 1531 693 a
1564 664 1632 694 me
1662 653 1783 706 captis
1801 682 1815 705 ,

484 716 662 759 accedam
696 727 807 757 nunc.
826 715 875 756 ad
907 715 1136 758 consetstaria
1169 719 1352 773 quaedam
1397 731 1449 759 ex
1484 718 1551 759 illis
1579 717 1814 758 deriuanda:

485 782 526 822 in
555 783 688 837 quibus
718 789 828 821 caute
858 788 899 820 et
929 781 1035 822 tarde
1072 783 1358 835 procedendum
1393 783 1467 824 ess'e
1485 815 1497 835 ,
1529 792 1669 823 omnes
1686 813 1698 835 ,
1749 780 1816 836 qui

484 846 686 886 veritatem
720 844 972 886 inconcuffiim
1008 845 1196 887 seer-„intur
1212 878 1226 900 ,
1256 859 1339 888 vno
1372 860 1526 888 mecum
1559 859 1624 888 ore
1655 856 1695 887 et
1728 857 1815 901 cor-

483 909 533 950 de
563 909 822 951 affirmabunt.
886 907 972 950 Sint
1007 910 1132 964 itaque
1165 921 1208 951 ca
1227 942 1240 963 ,
1272 923 1366 965 quae
1398 924 1450 953 ex
1485 909 1691 966 praemissis
1722 909 1816 964 legi-

483 973 581 1016 tIme
614 973 774 1014 deriuari
808 971 914 1026 poss'e
945 972 1044 1013 mihi
1075 973 1229 1028 quidem
1260 976 1438 1017 videntur
1454 1008 1466 1029 ,
1499 975 1699 1030 sequentia.

597 1035 618 1078 1
666 1033 886 1077 Cuticulam
919 1046 1121 1077 externam
1155 1036 1307 1078 seminis
1325 1071 1337 1092 ,
1389 1039 1464 1080 siue
1494 1040 1678 1080 corticem
1699 1071 1710 1090 ,
1763 1049 1817 1079 ex

486 1101 703 1155 irrigatione
736 1098 829 1141 infin
861 1110 998 1142 terram
1031 1101 1136 1143 reddi
1171 1102 1305 1156 primo
1338 1102 1460 1145 statim
1503 1111 1682 1157 tempore
1716 1102 1816 1142 mol·

485 1165 624 1207 liorem
648 1195 661 1215 ,
695 1174 852 1217 apparet
886 1165 923 1205 in
953 1167 1141 1220 experim.
1177 1165 1210 1206 1.
1276 1166 1336 1207 dic
1374 1179 1392 1206 1
1420 1200 1431 1218 ,
1461 1168 1563 1221 quod
1615 1166 1704 1207 ideo
1748 1164 1801 1206 fic

485 1229 519 1272 ri
552 1227 700 1270 necesse
729 1225 782 1267 est
801 1259 812 1279 ,
847 1238 892 1268 vt
924 1229 1083 1269 radicula
1133 1240 1335 1282 erumpere
1377 1241 1445 1283 per
1475 1231 1577 1270 huuc
1627 1230 1817 1270 corticem

485 1292 616 1349 possit.
682 1290 752 1332 Vti
783 1292 889 1332 enim
923 1303 974 1332 ex
1007 1292 1081 1333 sola
1113 1292 1243 1333 auium
1275 1292 1517 1334 incubatione
1549 1292 1616 1332 oui
1649 1292 1737 1332 testa
1775 1292 1818 1333 fit

483 1358 636 1398 tenuior
667 1368 689 1397 a
722 1355 850 1397 calore
870 1387 884 1409 ‚
915 1356 1074 1397 modico
1103 1356 1256 1409 quidem
1276 1389 1286 1407 ,
1320 1356 1380 1397 sed
1412 1356 1636 1397 continuato
1654 1386 1665 1406 ,
1697 1355 1818 1396 donec

485 1421 609 1462 iostro
640 1417 854 1475 perfodere<
873 1419 1057 1461 corticem
1090 1419 1192 1460 hunc
1228 1420 1340 1474 poffit
1374 1421 1523 1475 pullus:
1555 1420 1617 1460 ita·
1643 1420 1760 1459 etiam
1796 1431 1819 1460 a

486 1485 647 1526 madore
679 1483 816 1524 leniter
847 1483 1026 1525 affluente
1060 1483 1209 1525 seminis
1239 1484 1339 1538 quasi
1372 1485 1462 1526 testa
1495 1484 1618 1523 euadit
1635 1483 1819 1534 mollior,

488 1550 613 1591 donec
647 1547 880 1603 perfringere
913 1560 998 1590 eam
1031 1557 1142 1603 queat
1177 1549 1338 1590 indicula
1372 1559 1577 1602 erumpens
1610 1557 1646 1586 ct
1678 1558 1817 1588 terram

488 1622 633 1668 petens.
700 1611 748 1653 In
782 1625 860 1667 quo
892 1613 1048 1667 quidem
1081 1612 1260 1665 stminis,
1298 1614 1360 1654 vel
1410 1614 1515 1668 grani
1564 1612 1742 1661 alicuius,
1774 1611 1819 1652 si-

488 1677 671 1719 militudo
700 1689 792 1718 cum
825 1689 904 1718 ouo
934 1686 1090 1731 apparet
1123 1677 1243 1733 aliqua
1263 1712 1274 1731 ,
1316 1688 1393 1718 non
1446 1687 1571 1717 autem
1624 1675 1788 1729 perfecta
1807 1707 1819 1727 ,

488 1743 642 1795 qualem
679 1741 834 1782 {intuere
868 1741 1019 1782 videtur
1058 1738 1247 1783 celeberr.
1303 1740 1510 1784 Fontenelle
1529 1774 1540 1793 ,
1567 1741 1603 1780 iu
1623 1738 1820 1795 „Hyloire

491 1806 571 1859 „dc
602 1801 629 1846 Γ
648 1805 774 1847 Acad.
808 1806 874 1846 des
909 1805 1078 1848 Sciem·es
1119 1818 1232 1856 1701
1261 1840 1270 1860 ,
1321 1808 1379 1847 his
1409 1806 1563 1846 verbis:
1595 1804 1732 1846 Tomos
1767 1802 1818 1846 les

490 1903 515 1923 „
522 1870 672 1926 plantes
705 1871 876 1911 ‹viennent
900 1879 979 1925 par
1012 1871 1077 1911 des
1109 1871 1210 1928 oeus:
1233 1885 1243 1926 3
1277 1883 1353 1912 car
1386 1870 1436 1911 les
1446 1871 1607 1925 graines
1627 1867 1713 1922 sont
1726 1875 1821 1921 pour

495 1934 566 1986 „12
602 1933 780 1990 Phfflqw
810 1935 855 1975 de
885 1934 1091 1977 veritables
1130 1938 1232 1992 oelth
1255 1969 1264 1987 ‚
1306 1934 1483 1990 auxqtaels
1534 1932 1574 1973 la
1619 1930 1751 1985 langue
1790 1945 1818 1974 a

496 1999 652 2047 „donne
679 2012 726 2039 tm
757 2006 868 2039 autre
899 2011 991 2040 nom.
1060 1998 1265 2040 Diuersims
1297 2001 1404 2038 cuim
1439 1997 1560 2050 aliqua
1606 1995 1700 2035 inter
1733 2009 1817 2050 gm-

495 2074 587 2102 num
623 2060 772 2102 seminis
820 2073 858 2101 et
909 2075 1027 2102 ouum
1082 2061 1271 2101 manifesti
1323 2061 1374 2099 est
1409 2061 1446 2099 in
1483 2073 1560 2110 co,
1609 2060 1708 2113 quod
1740 2059 1815 2100 hoc

495 2124 586 2166 nihil
617 2127 763 2166 externi
797 2125 944 2165 alicuius
978 2124 1072 2166 succi
1108 2126 1201 2163 iutra
1236 2122 1268 2162 se
1319 2135 1416 2164 trans
1465 2125 1651 2165 corticem
1701 2133 1816 2164 artm-

494 2189 553 2230 hir
573 2222 582 2237 ,
615 2201 752 2231 verum
786 2200 906 2230 omne
939 2189 975 2230 id
998 2222 1009 2242 ,
1043 2187 1290 2244 quodcunque
1323 2189 1369 2228 ad
1402 2188 1549 2243 pullum
1576 2188 1814 2228 nutriendum

1691 2250 1816 2306 requi·
