1971 2700
519 196 612 245 396
900 185 987 235 DE
1018 183 1240 235 BESTIIS
1279 182 1556 231 MARINIS.

630 304 762 349 Oculis
794 305 834 345 in
866 305 1086 346 continente
1118 315 1254 356 parum
1289 302 1419 343 valent
1438 334 1448 354 ‚
1482 301 1626 344 naribus
1659 313 1751 347 vero
1766 307 1833 352 ad.

516 373 677 413 modum
713 370 854 423 sagaces
886 370 995 419 iiiut,
1030 367 1117 407 hinc
1150 377 1187 408 et
1220 365 1372 408 aduerso
1405 365 1550 422 semper
1601 377 1723 408 vento
1770 384 1837 413 ve-

517 437 596 476 nari
630 435 797 484 debent,
832 432 978 471 auribus
1011 431 1149 484 pariter
1181 442 1309 484 argute
1341 430 1507 470 audiunt.
1545 428 1706 471 Clamor
1724 432 1837 476 lutra-

514 511 599 539 rum
636 496 775 550 vagitui
810 493 993 535 infantum
1032 492 1173 546 prorsus
1206 494 1333 534 similis
1362 494 1413 534 cst
1434 527 1444 546 ,
1478 496 1612 548 absque
1631 495 1749 536 dubio
1774 509 1840 551 pet

515 561 659 602 multos
677 572 797 600 annos
827 561 985 609 viuunt,
1004 559 1102 598 rixas
1128 570 1316 612 nunquam
1348 558 1443 598 inter
1461 559 1493 598 ie
1512 559 1614 599 alunt
1635 591 1646 611 ,
1664 560 1722 600 sed
1742 562 1841 602 ami·

513 637 560 665 ce
595 624 806 665 admodum
841 625 1007 664 inuicem
1043 623 1186 663 viuunt.
1271 621 1418 663 Leones
1448 634 1485 664 et
1519 623 1621 663 vrsos
1669 624 1839 666 marinos

511 689 623 731 valde
676 687 970 742 pertimescunt,
1024 698 1091 727 nec
1125 687 1338 741 phocarum
1389 687 1616 728 coniortium
1678 698 1839 742 amant,

510 752 600 794 hinc
634 763 671 794 et
702 753 785 793 loca
817 751 876 793 his
923 750 1146 793 animalibus
1197 751 1427 806 stequentata
1461 752 1508 794 ab
1541 753 1585 793 iis
1615 749 1738 794 scdulo
1778 754 1838 798 vi·

519 824 654 860 tantur.

630 945 734 988 Caro
767 945 947 987 lutrarum
981 945 1193 989 adultarum
1225 946 1391 989 multum
1426 949 1588 998 tenerior
1621 956 1659 988 et
1678 945 1838 1003 sapidior

510 1010 723 1066 phocarum
756 1022 895 1061 carne,
931 1011 1090 1064 praestat
1121 1011 1383 1053 focmellarum
1418 1025 1509 1054 caro
1531 1047 1541 1066 ,
1593 1014 1759 1052 tenerior
1799 1022 1839 1053 et

510 1076 686 1129 pinguior
705 1107 716 1125 ,
751 1076 942 1128 pinguedo
974 1085 1100 1116 autem
1135 1076 1227 1117 inter
1268 1076 1543 1116 membranulas
1591 1078 1838 1129 continetur,

510 1139 602 1180 hinc
637 1137 859 1189 duriuscuia,
893 1139 1119 1190 confluens,
1155 1150 1294 1181 matres
1327 1150 1605 1193 praegnantes,
1639 1151 1716 1193 quo
1747 1151 1838 1193 pro-

509 1203 637 1256 piores
669 1202 821 1254 partui,
854 1211 903 1240 eo
933 1202 1177 1254 pinguiores:
1230 1203 1269 1242 in
1301 1213 1378 1254 quo
1411 1202 1579 1241 multum
1610 1214 1630 1241 a
1662 1203 1837 1244 terrestri-

508 1266 575 1307 bus
607 1264 826 1304 animalibus
857 1263 1061 1304 diffizrunt:
1096 1264 1305 1305 catulorum
1340 1276 1429 1305 caro
1460 1265 1715 1307 delicatissima
1750 1267 1836 1319 est,

508 1341 579 1369 nec
611 1340 632 1369 a
666 1326 836 1367 laetantis
869 1327 1009 1380 agnelli
1043 1339 1155 1368 carne
1187 1327 1293 1368 fiicilc
1327 1327 1576 1380 dignoscenda
1598 1361 1607 1379 ‚
1642 1329 1714 1369 siue
1746 1329 1836 1370 affi-

504 1403 540 1434 ta
574 1392 645 1433 siue
681 1391 819 1432 elix-ata
838 1423 849 1443 ,
882 1389 1058 1431 iusculum
1093 1391 1232 1445 pariter
1263 1391 1311 1430 ab
1344 1391 1550 1431 elixatione
1569 1391 1834 1443 sapidissirrmm

504 1457 651 1497 euadit·
714 1455 919 1496 Lutrarum
952 1466 1043 1495 caro
1077 1456 1208 1508 potior
1238 1455 1341 1494 cibus
1375 1453 1502 1494 noster
1543 1454 1580 1494 in
1614 1453 1722 1495 insula
1759 1453 1833 1495 Be-

501 1521 612 1574 ringii
646 1530 722 1560 emt
743 1551 754 1571 ‚
789 1520 873 1560 imo
912 1519 1240 1560 medicamentum
1293 1517 1497 1558 vniuerfale
1519 1550 1529 1569 ,
1583 1517 1692 1558 huius
1723 1530 1835 1560 com·

504 1585 690 1626 mestione
721 1596 744 1623 a
797 1582 969 1624 scorbuto
1001 1584 1173 1634 liberati,
1208 1594 1276 1622 nec
1311 1581 1440 1622 nausea
1471 1595 1705 1635 quemquam
1746 1595 1834 1624 cor*-

503 1650 618 1703 ripuit
638 1681 648 1700 ,
686 1649 774 1689 licet
806 1647 882 1688 smc
919 1660 1017 1700 pane
1048 1646 1218 1701 quotidie
1243 1646 1431 1686 interdum
1467 1645 1717 1687 semicrudam
1764 1659 1834 1687 co·

503 1713 759 1753 mederemus.
823 1711 928 1765 Epar
948 1744 959 1762 ,
990 1724 1086 1763 cor,
1120 1722 1226 1750 renes
1258 1709 1385 1764 sapore
1417 1710 1510 1750 nihil
1542 1711 1707 1750 omnino
1726 1722 1746 1751 a
1774 1712 1833 1753 vi-

500 1776 626 1817 tulinis
656 1775 845 1816 differunt.
909 1771 1080 1816 Gentiles
1111 1775 1149 1815 in
1183 1773 1451 1815 Kamtschatka
1486 1784 1526 1813 et
1558 1773 1738 1814 Kurillicis
1772 1776 1831 1815 in-

498 1839 581 1880 fiilis
614 1840 820 1894 aquilarum
856 1840 958 1879 carni
993 1840 1136 1893 primas
1168 1838 1289 1889 dant,
1323 1838 1486 1878 alterum
1521 1838 1650 1878 locum
1672 1838 1831 1881 lutrinae

502 1903 715 1959 assignant3
750 1904 855 1957 Epar
886 1913 925 1943 et
958 1915 1062 1944 renes
1111 1903 1223 1942 cruda
1272 1903 1481 1944 comedunt
1532 1913 1575 1940 ac
1630 1901 1829 1955 ssipidiffina

499 1968 640 2007 iactant
668 1985 675 2008 :
735 1969 843 2021 penis
892 1966 995 2007 fulcri
1046 1966 1133 2007 offei
1185 1965 1303 2006 rasura
1355 1975 1434 2005 tarn
1484 1964 1658 2017 gentiles,
1710 1979 1826 2019 quam

501 2029 605 2071 Russi
657 2040 807 2072 vtimtur
856 2032 898 2072 'm
946 2029 1047 2073 febre
1101 2029 1257 2074 tertiana
1275 2060 1287 2082 ‚
1317 2038 1495 2084 tamin-,tm
1538 2029 1829 2072 medicamento

499 2094 654 2135 idoneo,

1678 2223 1794 2267 Penes
1809 2248 1824 2276 ‚
