1971 2700
752 142 911 200 (2¹)

172 269 308 314 eadem
346 266 520 309 fiicilitate
565 259 828 303 construantur
845 294 857 314 ,
903 259 1087 315 exiguum
1131 266 1276 303 tantum
1311 263 1397 304 inde
1426 263 1486 306 tei

170 333 347 377 dundabit
397 332 566 371 leuamen
587 358 598 377 ,
650 326 677 366 fi
711 326 750 365 in
794 325 862 365 tali
903 325 1113 380 horologio
1161 325 1233 367 hac
1277 326 1490 368 eleuatione

173 397 352 455 ponderis
400 389 631 445 supersedere
684 388 890 442 possumus.
957 389 1120 430 Maioris
1168 402 1266 429 vero
1318 390 1494 432 vtilitatis

172 462 295 504 censet
322 455 586 497 inuentionem
618 452 723 493 istam
745 486 755 505 ,
787 464 858 508 qua
890 451 1091 506 horologia
1121 454 1281 508 pendula
1313 453 1489 505 cylindri-

174 538 260 581 gera
299 521 344 560 ad
387 518 470 560 vsus
507 517 779 558 astronomicos
820 518 873 557 ita
914 518 1076 559 construi
1129 515 1281 570 pofl‘unt
1299 550 1311 569 ,
1352 525 1396 556 vt
1428 514 1492 557 sub

176 585 384 631 eleuatione
426 581 601 636 ponderis
639 590 793 622 motum
835 580 943 621 suum
985 581 1238 634 continuent,
1279 582 1363 635 quia
1405 580 1493 620 talia

176 649 421 703 cylindrigera
461 646 604 686 merito
646 645 885 698 praeferenda
927 645 1063 685 iudicat
1096 645 1202 698 istis,
1234 645 1300 686 vbi
1331 642 1492 688 artificio

174 713 390 767 hugeniano
423 710 526 753 idem
546 702 747 751 'consueto
778 708 902 749 modo
935 708 1112 749 efficitur.

616 895 1028 960 PHYSICA.

170 1037 222 1077 G.
247 1037 306 1073 W.
340 1032 562 1071 KRAFFTn
594 1031 660 1066 DE
693 1028 1044 1065 VEGETATIONE
1075 1026 1373 1065 PLANTARVM
1403 1025 1485 1063 EX·

458 1079 729 1118 PERIMENTA
769 1079 832 1115 ET
859 1078 1203 1115 CONSECTARIA.

177 1175 350 1290 'Varia
382 1184 649 1237 experimenta
693 1179 753 1222 Cl.
788 1179 896 1222 huius
937 1181 1207 1223 dissertationis
1237 1180 1387 1221 Auctor
1420 1180 1494 1220 cir-

307 1261 350 1289 ca
391 1247 678 1300 vegetationem
712 1245 982 1300 phaleolorum
1003 1279 1014 1298 ‚
1047 1245 1218 1299 pisorum
1253 1245 1493 1297 vulgarium,

172 1310 332 1364 raphani
372 1311 533 1352 minoris
575 1310 764 1351 seminum
803 1318 889 1352 etc,
940 1322 1052 1349 more
1094 1308 1178 1360 suo,
1220 1309 1257 1348 id
1277 1309 1328 1347 est
1348 1309 1490 1348 summa

174 1388 265 1416 cum
299 1375 637 1429 circumspectione
670 1382 706 1413 et
739 1373 915 1414 cautione
954 1373 1131 1424 instituit,
1166 1371 1402 1425 fideliterque
1421 1384 1488 1411 ex-

174 1439 328 1492 hibuit,
361 1451 457 1493 quae
490 1439 554 1479 hic
589 1438 723 1479 referte
757 1437 803 1478 ab
836 1437 1005 1477 instituto
1039 1437 1167 1477 nostro
1197 1437 1363 1476 alienum
1384 1435 1489 1488 esset,

173 1503 345 1544 contenti
392 1503 529 1543 erimus
572 1502 643 1543 hac
686 1501 775 1540 vice
817 1500 998 1541 nonnulla
1041 1501 1223 1540 adducere
1264 1499 1491 1539 consectaria

175 1580 270 1622 quae
310 1579 365 1609 ex
403 1566 608 1620 praemiffis
646 1564 922 1620 experimentis
970 1563 1145 1617 legitime
1186 1562 1345 1602 deriuari
1384 1561 1493 1616 poffe

175 1631 247 1685 ipfi
283 1631 475 1671 videntur.

210 1688 211 1691 ¹
290 1695 436 1735 Afferit
468 1693 606 1734 scilicet
621 1691 685 1734 Cl.
707 1693 857 1735 Auctor
890 1701 1020 1734 contra
1062 1688 1145 1731 Cel.
1183 1688 1402 1731 Fontenelle
1433 1689 1491 1730 di-

175 1759 388 1799 versitatem
415 1761 513 1799 inter
529 1771 641 1812 grana
660 1757 810 1798 seminis
843 1768 882 1798 et
916 1769 990 1797 oua
1021 1764 1061 1794 et
1095 1754 1167 1794 hac
1200 1754 1397 1793 occasione
1430 1753 1486 1794 lo-

174 1833 217 1859 ca
251 1823 435 1872 quaedam
468 1822 516 1859 de
550 1823 790 1874 vegetatione
824 1821 1036 1873 plantarum
1069 1819 1108 1857 in
1128 1819 1226 1858 libro
1258 1819 1316 1857 cui
1336 1817 1489 1857 titulus:

174 1882 374 1937 Spebl'acle
406 1884 451 1923 de
482 1882 521 1922 Ia
554 1890 684 1923 nature
704 1916 714 1935 ,
746 1885 1010 1923 emendantur.
1075 1880 1229 1920 Deinde
1248 1889 1381 1918 contra
1401 1877 1486 1921 Cel.

178 1945 563 1987 Muschenbroekium
605 1947 839 1985 demonstrat
859 1979 869 1997 ‚
914 1944 1111 1998 phaseolos
1144 1944 1326 1982 Turcicos
1356 1943 1402 1983 ab
1432 1944 1490 1982 in-

176 2010 282 2049 seffis
312 2009 411 2049 haud
443 2021 594 2049 manere
634 2009 808 2048 intactos.
874 2008 983 2063 Qme
1025 2019 1141 2059 porro
1172 2006 1359 2046 celebrem
1404 2007 1487 2047 An-

179 2075 273 2126 gliae
306 2072 504 2122 Phyficum
538 2071 692 2113 Bacone
716 2075 763 2113 de
805 2071 1027 2111 Verulamio
1061 2070 1255 2110 credidisse
1283 2069 1490 2110 refertAn·

180 2139 304 2179 tonius
343 2136 402 2178 Le
444 2133 574 2179 Gtand
614 2137 655 2179 in
697 2137 863 2178 Historia
905 2144 1088 2177 naturae:
1120 2147 1332 2175 cucumeres
1363 2144 1400 2173 et
1434 2147 1488 2173 ra-

787 2213 808 2242 c
842 2209 865 2246 3
1396 2197 1486 2250 pha-
