1971 2700
505 239 735 296 agaggaga.
768 253 794 285 0
830 244 1064 296 meo-:gezem
1349 245 1445 298 '2⁸9

461 338 1040 459 BESTHSDiFQARIN
1046 398 1119 458 IS.

685 483 877 514 AVCTORE

503 528 637 581 Georg.
670 528 733 569 W
731 528 867 570 ilhelm,
902 527 1068 570 Stellero.

137 601 328 716 Multa
360 607 535 649 animalia
567 603 797 647 immensum
831 608 1029 648 Oceanum
1049 608 1147 650 alere
1169 638 1180 660 ,
1199 620 1292 663 quae
1310 608 1444 651 hodie·

287 684 373 712 num
393 673 580 725 incognita
597 671 667 710 fint
680 703 690 721 ,
718 683 836 710 nemo
854 672 996 712 dubitat
1016 703 1026 721 ‚
1060 674 1120 725 qui
1139 674 1337 726 perpendit
1355 686 1441 728 per-

137 739 274 778 multas
305 746 410 776 terras
429 767 439 786 ,
473 733 658 788 permulta
691 733 832 773 Oceani
865 735 946 774 loca
980 733 1076 786 efle,
1110 748 1186 788 quo
1220 736 1442 789 Europaeo-

136 814 222 840 rum
254 798 389 841 curiosa
406 799 527 839 audax
545 809 617 852 que
643 795 813 836 industria
831 797 999 836 noudum
1020 799 1248 850 peruenerit,
1276 801 1441 851 adeoque

136 875 203 903 nec
223 868 409 903 “contenta
440 874 571 902 eorum
605 860 752 900 lustrare
782 860 961 913 potuerit.
1030 860 1098 901 Est
1131 870 1258 901 autem
1277 874 1331 902 res
1349 874 1442 901 cum

136 927 350 967 animalibus
382 927 533 965 marinis
565 925 615 964 ita
635 954 646 974 ‚
680 936 791 977 quam
811 935 898 963 cum
929 923 1157 964 terrestribus
1189 935 1442 978 comparata:

135 990 331 1046 Quaedam
364 988 486 1028 vbiuis
518 989 689 1028 locorum
722 986 931 1038 habentur,
967 1000 1039 1039 pro
1071 986 1245 1028 Climatis
1277 990 1443 1029 alimen-

134 1062 334 1107 torumque
392 1052 598 1092 diuersitate
640 1049 701 1089 vel
742 1048 854 1089 solam
901 1051 1199 1103 magnitudinem
1220 1083 1231 1103 ,
1276 1051 1339 1092 vel
1375 1063 1443 1091 co-

134 1116 286 1167 lorem,
331 1115 392 1154 vel
434 1115 594 1167 pilorum
644 1112 842 1152 mollitiem
883 1122 945 1152 aut
993 1114 1251 1165 prolixitatem
1294 1124 1332 1153 et
1372 1127 1441 1165 per

134 1177 429 1218 consuetudinem
461 1177 613 1227 longam
647 1174 806 1225 speciem
846 1183 996 1213 mutant
1015 1207 1025 1225 ‚
1073 1175 1243 1215 translata
1276 1176 1314 1215 in
1347 1176 1443 1218 aliud

133 1241 244 1280 clima
277 1239 392 1288 longo
423 1238 618 1276 interuallo
649 1235 860 1287 specificam
896 1237 1138 1277 differentiam
1158 1238 1276 1279 rursus
1301 1248 1444 1280 exuunt

132 1312 171 1342 et
201 1302 245 1341 ad
280 1301 445 1353 primam
481 1300 646 1339 redeunt.
712 1297 769 1338 Ita
800 1299 901 1352 Equi
950 1300 1139 1354 Europaei
1172 1302 1212 1341 in
1261 1300 1441 1343 Sibiriam

131 1363 293 1404 translati
326 1362 454 1402 sensim
494 1364 658 1403 minores
690 1371 727 1401 et
761 1362 926 1402 duriores
944 1395 955 1415 ‚
988 1364 1026 1403 in
1067 1363 1217 1406 Indiam
1252 1366 1314 1406 vel
1346 1364 1443 1406 Chi-

131 1440 223 1467 nam
251 1425 395 1466 aduecti
428 1426 552 1466 denuo
585 1424 789 1478 gracilitate
821 1436 858 1465 et
891 1428 1073 1478 paruitate
1106 1436 1253 1468 tautum
1305 1441 1438 1481 augen-

133 1497 219 1540 tur,
251 1499 294 1529 vt
323 1488 477 1529 successu
510 1489 694 1542 temporis
727 1489 956 1540 peculiarem
991 1491 1153 1543 speciem
1203 1491 1438 1532 constituant.

133 1551 290 1591 Incutica
321 1553 487 1592 iumenta
520 1554 558 1592 in
591 1563 700 1592 terras
730 1551 1020 1593 Kamtschaticas
1053 1552 1226 1592 translata
1259 1566 1337 1593 non
1357 1564 1441 1595 tan-

135 1625 218 1654 tum
252 1615 355 1654 mole
388 1616 580 1668 insigniter
611 1623 786 1668 augentur
805 1647 816 1666 ‚
859 1628 992 1656 verum
1027 1615 1218 1657 fertiliores
1249 1617 1439 1669 madunt,

136 1678 237 1731 quod
256 1687 293 1718 et
320 1678 363 1717 ad
397 1689 547 1731 portum
566 1678 619 1720 St.
658 1678 888 1731 Archangeli
920 1679 1031 1720 mistis
1061 1692 1109 1720 eo
1143 1680 1314 1720 iumentis
1346 1693 1439 1721 con-

136 1741 257 1793 tingit.
322 1741 426 1780 Oues
459 1743 606 1794 Anglici
639 1743 678 1782 in
712 1740 884 1782 Sueciam
917 1743 1063 1783 adueeci
1098 1742 1148 1782 ob
1180 1743 1285 1783 lanae
1334 1745 1441 1784 nobi-

135 1803 280 1843 litatem
315 1803 395 1855 post
427 1804 539 1842 breue
572 1814 718 1856 tempus
749 1817 826 1843 non
845 1815 985 1845 tautum
1007 1807 1125 1858 pilos,
1151 1805 1206 1845 sed
1229 1816 1266 1845 et
1293 1809 1438 1859 magni-
1461 1838 1463 1841 s

135 1868 302 1906 tudinem
337 1875 538 1904 mutarunt.
603 1865 738 1918 Siquis
769 1865 844 1905 hoc
863 1879 938 1906 uon
964 1870 1182 1918 adiici-teret,
1217 1869 1253 1907 iu
1287 1868 1359 1909 sola
1377 1869 1439 1911 Si-

135 1931 227 1969 biria
261 1928 498 1968 Animalium
530 1929 666 1980 specics
699 1927 879 1967 immense
931 1940 1105 1983 augeret:
1154 1932 1338 1984 exemplo
1370 1934 1439 1974 sint

134 1993 235 2032 sciuri
266 1992 310 2031 ad
343 1989 488 2030 Obium
519 1993 674 2043 grandes
705 1993 817 2043 longo
848 1991 965 2032 albidc
998 1993 1243 2034 cinerasceute
1274 1995 1356 2047 pilo
1373 2009 1438 2037 vc·

136 2056 209 2096 stiti
230 2087 240 2106 ‚
273 2053 450 2095 Obdorici
486 2055 590 2093 tertia
624 2063 729 2107 parte
763 2056 928 2094 minores
959 2057 1073 2097 deuio
1112 2057 1343 2110 breuioriquc
1380 2062 1435 2112 pi-

135 2119 174 2158 10
193 2151 203 2169 ,
245 2117 511 2169 Bargufinenses
557 2118 695 2170 nigro,
747 2115 1082 2160 Werchoiauenies
1115 2132 1136 2159 e
1170 2121 1278 2172 nigro
1311 2132 1348 2161 et
1384 2125 1437 2162 ci-

133 2193 247 2224 nereo
276 2181 399 2230 varii,
431 2184 524 2233 quae
553 2193 645 2220 vero
676 2180 883 2222 differentia
923 2185 1048 2224 omnis
1066 2216 1077 2235 ,
1110 2183 1209 2237 quod
1250 2187 1437 2238 magnitu-

199 2246 319 2286 Tom.
352 2243 403 2284 11.
427 2244 532 2286 Nou.
553 2242 777 2285 Comment.
986 2247 1026 2287 Ο
1058 2259 1085 2287 0
1305 2250 1432 2287 dinem
