1971 2700
475 239 566 283 290
807 233 887 276 DE
919 230 1137 276 BESTHS
1168 228 1440 274 MARINIS.

471 347 599 388 dinem
625 349 838 400 concernit,
855 348 1022 403 pilorum
1055 346 1274 388 densitatem
1293 359 1314 387 a
1347 345 1500 386 climate
1521 378 1531 397 ,
1565 347 1667 400 quod
1693 350 1791 403 pilo-

471 424 556 452 rum
590 412 764 453 colorem
800 425 821 452 a
854 411 958 452 victu
994 409 1269 464 proficiscitur:
1307 411 1368 451 vbi
1404 409 1552 450 Larices
1584 410 1678 452 folio
1718 425 1793 456 nou

471 475 634 516 deciduo
668 477 726 516 seu
769 473 883 515 Cedri
918 475 1033 528 vulgo
1080 473 1171 515 disti
1205 486 1243 515 et
1276 474 1377 525 Pini,
1413 475 1460 515 ibi
1505 474 1599 527 pilus
1630 475 1799 518 cinereus

467 539 631 580 albicans
650 571 661 589 ,
695 538 759 579 vbi
794 538 923 579 larices
955 536 1049 578 folio
1081 538 1243 580 deciduo
1262 572 1273 592 ,
1291 538 1461 591 abietes,
1502 538 1552 579 ibi
1586 540 1697 593 nigro
1714 540 1799 593 pilo

467 611 680 643 occurrunt.
747 600 852 643 Inter
883 601 1063 643 animalia
1097 604 1244 644 marina
1283 601 1358 645 sola
1394 603 1519 645 Phoca
1570 602 1625 643 est
1643 635 1654 655 ,
1702 615 1798 657 quae

468 679 546 707 non
578 676 725 707 tantum
759 666 881 708 vbiuis
930 676 1117 708 tei-mrum
1151 668 1187 708 in
1219 668 1379 710 Oceano
1397 701 1408 720 ,
1463 679 1597 707 verum
1629 668 1667 707 in
1699 667 1799 708 mari

467 728 674 783 Bulthico,
719 729 859 785 Caspio
907 740 946 771 et
978 731 1127 772 lacubus
1158 732 1300 773 nullam
1332 745 1418 774 cum
1453 732 1548 772 mari
1574 732 1799 773 communi-

469 797 656 836 cationem
706 795 927 836 habentibus
944 828 957 848 ,
998 805 1044 836 vt
1076 796 1115 836 in
1148 795 1230 838 lacu
1263 794 1394 837 Baikal
1427 808 1466 837 et
1499 794 1635 849 Oron,
1667 796 1801 851 quouis

468 868 644 913 tempore
678 860 866 901 inuenitur
885 891 897 911 ,
931 860 1126 900 intercedit
1167 860 1293 902 nihilo
1340 871 1471 902 tamen
1522 861 1651 901 mimis
1697 859 1798 902 haec

468 922 675 965 differentia
696 957 706 975 ,
751 933 796 964 vt
843 923 973 964 Phoca
1019 922 1209 965 ocoenica
1251 924 1563 967 communiffima
1595 938 1615 965 a
1649 924 1799 979 reliquis

466 989 643 1029 omnibus
671 986 844 1042 specifice
875 986 1005 1027 colore
1036 987 1209 1028 diffineia
1243 987 1316 1040 sit,
1347 990 1483 1043 gaudet
1516 1001 1662 1043 nempe
1714 989 1796 1042 pilo

466 1052 665 1093 lutescente
695 1065 739 1093 ac
758 1054 794 1093 in
816 1050 1015 1106 posteriori
1047 1052 1223 1105 corporis
1241 1053 1442 1106 medietate
1461 1053 1650 1094 maculam
1671 1053 1799 1094 maxi-

466 1128 571 1156 mam
612 1116 794 1156 callaneas
826 1115 954 1156 colore
986 1116 1249 1156 aemulantem
1287 1115 1462 1168 obtinet,
1502 1128 1596 1170 quae
1646 1118 1799 1157 tertiam

467 1191 614 1232 partem
653 1181 784 1233 integri
817 1179 913 1219 corii
955 1188 1131 1231 occupat.

526 1243 728 1297 Dillinguo
744 1253 870 1284 autem
892 1240 1032 1294 phocas
1051 1242 1189 1282 ratione
1207 1242 1476 1296 magnitudinis
1494 1244 1533 1282 in
1553 1253 1627 1283 tres
1644 1242 1799 1297 species,

463 1307 502 1347 in
522 1309 740 1347 maximam
762 1339 772 1357 ,
790 1319 882 1360 quzoe
900 1305 1156 1358 magnitudine
1179 1307 1349 1346 Taurum
1368 1305 1515 1359 (inperat
1535 1339 1547 1357 ,
1583 1318 1626 1345 ac
1653 1305 1796 1346 solum-

468 1371 592 1411 modo
614 1372 649 1409 in
669 1382 817 1410 occano
835 1368 1022 1411 Orientali
1045 1381 1064 1408 a
1083 1370 1199 1422 gradu
1226 1369 1432 1410 latitudinis
1454 1372 1526 1418 56.
1547 1369 1592 1408 ad
1618 1379 1691 1418 59.
1729 1381 1798 1411 oc-

463 1435 642 1486 cuninae
656 1430 1268 1474 incolisKamtschatitisLachtak
1280 1442 1449 1473 vocatur.
1473 1431 1628 1475 Mediae
1647 1433 1796 1484 magni-

465 1498 602 1539 tudiuis
621 1531 632 1550 ,
650 1510 747 1552 quae
763 1510 898 1538 omncs
917 1495 1117 1549 Tigridum
1141 1497 1252 1537 instar
1269 1530 1281 1550 ,
1309 1495 1439 1537 multis
1468 1495 1611 1549 exiguis
1641 1494 1799 1536 maculis

465 1565 589 1602 variae
609 1564 688 1602 sunt
709 1595 720 1613 ,
745 1572 785 1609 3.
810 1561 965 1602 infimae
987 1562 1256 1614 magnitudinis
1272 1594 1285 1613 ,
1305 1570 1346 1600 vt
1364 1559 1576 1610 Oceanica,
1594 1571 1691 1613 quae
1713 1568 1797 1600 tam
1864 1600 1868 1604 ,

464 1627 500 1666 in
523 1627 619 1667 mari
639 1625 815 1668 Balthico
832 1659 844 1678 ,
861 1637 976 1680 quam
996 1625 1094 1666 circa
1115 1636 1270 1679 portum
1287 1623 1345 1665 Sti
1366 1623 1621 1678 Archangeli,
1642 1622 1679 1663 in
1698 1619 1792 1664 Suc-

458 1692 515 1731 cia
536 1726 545 1743 ,
568 1690 779 1744 Norwegia
798 1723 810 1742 ,
828 1691 1010 1730 America
1027 1698 1068 1727 et
1086 1688 1355 1730 Kamtschatka
1370 1689 1534 1742 capitur,
1560 1697 1599 1728 et
1628 1687 1793 1728 lacustris

456 1755 626 1796 dulcium
643 1767 827 1810 aqnamm
847 1752 1085 1794 monochroa
1103 1751 1164 1794 len
1184 1752 1361 1794 vnicolor
1377 1785 1391 1804 ,
1407 1762 1451 1792 vt
1469 1750 1612 1792 Baikali
1631 1783 1642 1803 ,
1661 1762 1704 1792 ea
1721 1763 1789 1792 co—

459 1819 548 1859 loris
565 1820 751 1874 argentei.
771 1816 812 1858 Si
833 1831 928 1858 vero
943 1827 1137 1871 qmeratur
1154 1850 1168 1870 ‚
1199 1829 1315 1872 quare
1349 1817 1424 1858 hoc
1448 1815 1571 1858 solum
1597 1814 1786 1870 amphibii

456 1896 574 1936 genus
595 1885 712 1924 vbiuis
730 1893 909 1924 termium
928 1882 965 1921 in
974 1880 1139 1923 Oceano
1157 1892 1198 1922 et
1216 1881 1367 1923 lacubus
1381 1881 1516 1935 degat,
1531 1879 1677 1920 caulam
1701 1878 1787 1920 red-

454 1947 506 1985 do
519 1979 530 1995 ,
557 1948 661 2001 quod
682 1946 863 1988 vnisormi
882 1956 921 1986 et
940 1946 1064 1987 vbiuis
1081 1955 1266 1986 terrarum
1284 1944 1515 1998 reperiundo
1530 1941 1636 1982 victu
1654 1952 1784 1983 vtatut

455 2006 594 2050 scilicet
631 2011 786 2063 piscibus
817 2019 856 2049 et
888 2009 1058 2049 carnibus
1076 2041 1088 2059 ,
1121 2010 1230 2050 aliter
1262 2007 1297 2047 (e
1330 2019 1386 2047 res
1415 2005 1529 2046 habet
1560 2017 1649 2046 cum
1694 2005 1779 2047 Ma-

455 2074 529 2113 nati
543 2106 553 2123 ‚
587 2074 689 2126 quod
714 2073 824 2114 certis
857 2071 1103 2112 solummodo
1121 2072 1211 2112 fucis
1245 2070 1399 2110 marinis
1417 2069 1577 2110 vescitur
1596 2081 1675 2110 non
1692 2070 1781 2111 vbi-

453 2137 509 2176 uis
524 2137 644 2177 obuiis
663 2145 701 2176 et
727 2137 780 2176 ob
800 2135 1017 2175 unieturam
1038 2135 1210 2188 corporis
1229 2135 1265 2173 iu
1288 2134 1379 2174 locis
1396 2133 1541 2175 vadosis
1558 2146 1636 2174 non
1661 2132 1784 2174 vbiuis

455 2201 582 2242 vium:
613 2199 741 2257 possit.
781 2198 898 2241 Luna
929 2197 1073 2240 marina
1103 2199 1247 2241 cancris
1275 2207 1315 2239 et
1346 2197 1555 2251 conchyliis
1577 2196 1757 2241 vistim
1772 2227 1785 2248 ,
