1971 2700
519 199 578 238 26
582 208 610 239 0
812 185 1161 238 OBSERVATIO
1192 183 1286 235 AN
1287 189 1327 234 A
1333 182 1492 233 TOMI
1494 183 1570 234 CA

522 319 683 352 neantur
702 343 714 364 ‚
732 309 799 352 etsi
833 321 887 351 ex
916 319 1083 363 corpore
1113 304 1256 348 diuerso
1305 303 1398 361 (a),
1432 304 1542 359 idque
1578 301 1688 346 valde
1715 308 1849 352 confir.

526 375 571 417 se.
641 374 689 417 In
724 374 842 429 priori
882 374 1026 414 etenim
1084 371 1210 413 tabula
1271 367 1343 425 (b)
1407 370 1474 410 tria
1523 368 1680 411 musculi
1727 383 1850 415 extre.

524 453 590 482 ma
626 453 675 481 ne
708 438 865 493 quidem
899 437 947 478 ad
978 437 1066 477 duas
1100 447 1206 476 veras
1245 434 1433 476 inferiores
1480 433 1597 475 costas
1649 434 1846 488 pertinent,

525 500 653 558 Caput
687 502 832 542 etenim
885 497 956 555 (vt
988 511 1078 541 cum
1136 498 1308 541 Auaore
1359 498 1508 553 loquar)
1562 497 1819 542 breuiffimum
1839 533 1852 554 ,

523 567 633 608 iuxta
670 566 808 606 lineam
842 564 969 606 albam
1000 563 1252 616 adscendens,
1286 562 1322 604 ie
1353 562 1420 605 sub
1452 563 1578 604 costae
1611 562 1770 604 octauae
1796 563 1856 606 vl-

523 630 621 672 tima
662 629 878 684 cartilagine
897 661 909 682 ,
951 640 1047 684 quae
1076 638 1118 670 et
1147 628 1209 670 hic
1244 638 1389 682 pmeter
1437 638 1610 669 naturam
1643 627 1767 669 sterno
1799 628 1858 669 in-

520 694 737 736 articulatur
755 727 767 747 ,
801 692 997 736 abscondit
1015 726 1027 746 ,
1061 703 1172 748 atque
1206 692 1292 734 inde
1325 693 1443 744 oriri,
1495 693 1556 733 vel
1590 691 1677 734 huic
1729 692 1858 746 potius

523 758 650 812 inseri,
668 758 833 800 videtur.
867 755 982 799 quta
1012 756 1088 799 hoc
1121 758 1193 800 alia
1228 757 1313 798 bina
1345 756 1603 809 adscendunt,
1621 766 1733 811 atque
1751 788 1763 808 ,
1788 768 1858 797 co-

525 822 601 864 stae
635 834 762 864 nonae
791 831 829 863 et
866 821 1021 863 octauae
1056 821 1160 876 prius
1191 821 1467 876 cartilaginibus
1499 821 1676 875 superatis
1693 853 1706 873 ,
1736 821 1856 862 etiam

526 884 709 942 septimae
742 886 1000 940 cartilaginem
1035 896 1196 939 tegunt,
1229 895 1269 926 et
1302 886 1536 940 longitudine
1555 887 1653 926 inter
1671 884 1706 925 se
1725 897 1858 939 aequa-

523 950 573 992 lia
591 983 603 1003 ,
637 962 849 1006 parumque
879 963 901 990 a
934 949 967 990 ie
999 950 1167 991 inuicem
1209 948 1360 990 diducta
1379 982 1391 1003 ‚
1442 950 1709 992 intermediam
1762 948 1859 991 hanc

524 1013 756 1069 transparere
799 1015 1056 1070 permittunt:
1091 1012 1227 1053 deinde
1268 1013 1315 1054 ad
1349 1015 1564 1067 marginem
1597 1014 1706 1057 huius
1753 1013 1863 1068 supe-

522 1079 668 1120 riorem
703 1078 769 1119 vel
803 1088 969 1119 truncata
1005 1087 1245 1131 apponuntur
1264 1109 1276 1129 ‚
1308 1077 1371 1117 vel
1403 1079 1531 1118 eidem
1581 1090 1715 1119 carnea
1763 1076 1861 1118 inse-

526 1152 655 1182 runtur
676 1175 687 1194 ,
718 1142 820 1196 quod
853 1153 931 1182 non
967 1141 1120 1181 euidens
1169 1140 1417 1195 distinguitur.
1485 1140 1533 1183 In
1565 1141 1679 1183 altera
1727 1152 1860 1184 autem

528 1206 651 1248 tabula
685 1202 752 1262 (c)
806 1206 946 1246 iterum
981 1205 1020 1245 in
1053 1205 1121 1245 tria
1154 1213 1330 1245 extrema
1362 1204 1550 1248 musculus
1578 1206 1741 1259 definit,
1767 1218 1860 1261 quae

1778 1283 1859 1312 nnn

540 1325 1858 1336 ——————-—-———-

525 1344 624 1380 bricae
640 1344 792 1379 vertebras
806 1343 893 1390 supra
909 1345 936 1378 se
955 1346 1084 1379 inuicem
1113 1345 1242 1379 mobiles
1266 1347 1388 1392 iungit,
1420 1345 1494 1380 nihii
1510 1345 1656 1392 supersit,
1680 1347 1732 1379 nisi
1750 1347 1861 1380 tantil-

525 1394 589 1428 lum
607 1418 620 1436 ,
648 1394 737 1443 quod
756 1395 918 1442 vtrimque
931 1393 972 1428 ad
988 1407 1080 1428 vnam
1098 1395 1146 1429 vel
1161 1393 1285 1429 alteram
1304 1395 1416 1428 lineam
1432 1420 1442 1436 ‚
1468 1394 1584 1428 sulcum
1602 1396 1634 1429 in
1648 1394 1739 1428 latere
1761 1395 1861 1430 adhue

530 1443 771 1493 distinguentem
801 1445 924 1491 implet.

678 1494 742 1543 (a)
769 1493 898 1530 Diuersi
922 1504 1048 1541 corpora
1075 1492 1159 1529 fiiiffe
1174 1517 1186 1536 ,
1214 1506 1255 1528 ex
1282 1493 1394 1542 quibus
1418 1491 1556 1542 Figurae
1580 1492 1667 1527 binae
1704 1491 1865 1529 desumtae

529 1543 601 1580 sunt
619 1568 630 1587 ‚
660 1555 743 1590 patet
762 1568 774 1587 ‚
800 1547 874 1594 quia
897 1543 1029 1592 reliquus
1056 1545 1087 1578 in
1117 1544 1229 1579 osfibus
1257 1555 1289 1578 et
1316 1544 1456 1579 musculis
1481 1544 1602 1579 habitus
1628 1542 1719 1578 valde
1754 1543 1863 1579 distre—

527 1606 589 1643 pat.
639 1593 761 1629 Tabula
787 1597 904 1629 etenim
945 1594 1067 1630 decima
1096 1595 1211 1629 thorax
1237 1596 1366 1629 naturali
1394 1594 1516 1642 longior
1532 1593 1724 1636 delineatur,
1763 1606 1861 1642 vtpe-

525 1655 559 1679 te
584 1643 636 1678 vbi
661 1647 734 1679 costa
760 1645 867 1679 cel-tua
894 1644 942 1678 sua
970 1644 1130 1689 catiiagine
1158 1646 1252 1678 ctiam
1277 1644 1315 1678 ad
1351 1647 1481 1680 sternum
1523 1645 1648 1678 inferius
1676 1645 1856 1693 pertingit,

525 1696 601 1730 teila
628 1707 644 1728 a
670 1693 792 1729 duobus
817 1696 963 1729 extremis
989 1693 1117 1728 musculi
1159 1695 1230 1729 rtssi
1265 1694 1439 1729 abdominis
1456 1719 1466 1736 ,
1491 1693 1543 1729 scd
1571 1696 1630 1728 sinc
1657 1692 1713 1728 suo
1749 1706 1858 1729 emer-

526 1757 602 1793 gens
625 1756 656 1779 et
682 1756 788 1793 tegens
821 1756 1001 1780 extremum
1034 1745 1176 1779 eiusdem
1222 1744 1345 1779 musculi
1389 1747 1567 1779 minimum.
1619 1741 1741 1778 Tabula
1782 1756 1859 1779 vem

523 1795 688 1830 vndecima
714 1795 816 1879 genus
843 1795 980 1829 naturale
1003 1797 1043 1828 est
1059 1819 1069 1836 ‚
1099 1794 1153 1829 vbi
1183 1793 1309 1842 septima
1333 1797 1406 1830 costa
1433 1795 1543 1829 vltima
1569 1795 1653 1829 stemi
1682 1794 1757 1829 laxus
1782 1794 1860 1829 infra

523 1847 659 1893 attingit.
740 1856 872 1879 ractcrea
903 1848 933 1878 in
964 1856 1094 1893 vti-aque
1121 1847 1217 1893 figura
1244 1847 1331 1892 ipsius
1367 1845 1491 1880 musculi
1534 1845 1602 1879 resti
1657 1843 1775 1878 habituz
1807 1844 1857 1879 di-

525 1896 628 1930 versus
655 1897 704 1930 est.
755 1892 872 1929 Tabula
892 1897 1018 1930 etenim
1046 1894 1190 1938 decima,
1218 1895 1295 1929 linea
1321 1895 1479 1930 teudinofii
1495 1919 1508 1938 ,
1548 1905 1630 1942 quae
1656 1893 1826 1929 musculum
1843 1916 1855 1937 ,

524 1946 580 1980 vbi
607 1947 709 1993 pcfius
733 1944 903 1980 conscendit
922 1970 929 1983 ,
962 1945 1161 1980 transuersum
1189 1944 1367 1991 distinguit,
1393 1945 1521 1992 obliqua
1537 1966 1548 1985 ‚
1573 1942 1727 1982 dimidia,
1746 1944 1860 1978 incoha.

523 2006 552 2029 ta
567 2007 598 2029 ct
615 1993 794 2042 imperfecka
819 1997 872 2029 est.
923 1993 956 2029 ln
985 1996 1075 2030 altem
1092 2007 1196 2030 autem
1225 1993 1350 2028 Tabula
1378 1994 1486 2028 cadem
1505 1991 1674 2034 vuduiata,
1695 1997 1807 2041 integra
1823 2004 1854 2029 et

523 2045 659 2079 absoluta
686 2056 782 2078 totam
810 2044 932 2078 musculi
960 2044 1153 2079 latitudinem
1180 2042 1268 2076 secat.
1321 2040 1383 2075 Vti
1410 2042 1561 2077 diuerissun
1608 2043 1681 2076 hanc
1721 2045 1825 2079 faciem
1844 2067 1857 2085 ‚

525 2097 558 2129 in
585 2093 674 2132 auis,
709 2105 740 2127 ct
771 2095 829 2127 rite
863 2093 1005 2127 formatis
1025 2116 1034 2134 ‚
1065 2092 1246 2138 corpoiibus
1271 2090 1564 2137 fiicpiusoblcruare
1579 2093 1722 2128 solemus.
1771 2092 1858 2130 Vide

524 2153 812 2238 μεικῐωάὴφὲε
839 2142 877 2224 (ἐς
903 2141 1026 2224 {errato
1050 2143 1167 2179 Amico
1192 2143 1252 2177 fiue
1280 2139 1425 2178 Possorali
1444 2146 1561 2179 minori
1593 2143 1677 2192 supm
1708 2155 1860 2181 notamus.

788 2202 845 2224 lana
861 2204 882 2224 ΐ
949 2218 956 2225 .

679 2239 739 2291 (c)
765 2237 888 2276 Flam-bc
912 2240 982 2276 XI.
