<?xml version="1.0" encoding="UTF-8"?>
<!DOCTYPE html PUBLIC "-//W3C//DTD XHTML 1.0 Transitional//EN"
    "http://www.w3.org/TR/xhtml1/DTD/xhtml1-transitional.dtd">
<html xmlns="http://www.w3.org/1999/xhtml" xml:lang="en" lang="en">
 <head>
  <title>
</title>
<meta http-equiv="Content-Type" content="text/html;charset=utf-8" />
  <meta name='ocr-system' content='tesseract 3.04.00' />
  <meta name='ocr-capabilities' content='ocr_page ocr_carea ocr_par ocr_line ocrx_word'/>
</head>
<body>
  <div class='ocr_page' id='page_1' title='image "./novicommentariac02impe_0270.png"; bbox 0 0 1971 2700; ppageno 0'>
   <div class='ocr_carea' id='block_1_1' title="bbox 466 178 1611 248">
    <p class='ocr_par' dir='ltr' id='par_1_1' title="bbox 466 178 1611 248">
     <span class='ocr_line' id='line_1_1' title="bbox 466 178 1611 248; baseline -0.002 -11"><span class='ocrx_word' id='word_1_1' title='bbox 466 209 561 248; x_wconf 59' lang='grc' dir='ltr'>,μ</span> <span class='ocrx_word' id='word_1_2' title='bbox 659 189 760 237; x_wconf 71' lang='lat' dir='ltr'>an</span> <span class='ocrx_word' id='word_1_3' title='bbox 791 187 1199 237; x_wconf 75' lang='grc' dir='ltr'>νΕσΕτΛποΝΕ</span> <span class='ocrx_word' id='word_1_4' title='bbox 1239 178 1611 235; x_wconf 71' lang='lat' dir='ltr'><em>PLANTARVM</em></span> 
     </span>
    </p>
   </div>
   <div class='ocr_carea' id='block_1_2' title="bbox 468 304 1801 417">
    <p class='ocr_par' dir='ltr' id='par_1_2' title="bbox 468 304 1801 417">
     <span class='ocr_line' id='line_1_2' title="bbox 468 304 1801 365; baseline -0.001 -13"><span class='ocrx_word' id='word_1_5' title='bbox 468 310 622 352; x_wconf 79' lang='lat' dir='ltr'>netrass‘e</span> <span class='ocrx_word' id='word_1_6' title='bbox 658 322 726 364; x_wconf 90' lang='lat' dir='ltr'>per</span> <span class='ocrx_word' id='word_1_7' title='bbox 756 309 944 352; x_wconf 86' lang='lat' dir='ltr'>corticem</span> <span class='ocrx_word' id='word_1_8' title='bbox 978 307 1072 365; x_wconf 83' lang='lat' dir='ltr'>ligni</span> <span class='ocrx_word' id='word_1_9' title='bbox 1104 307 1254 350; x_wconf 84' lang='lat' dir='ltr'>alicuius</span> <span class='ocrx_word' id='word_1_10' title='bbox 1291 304 1524 360; x_wconf 84' lang='lat' dir='ltr'>semiputridi</span> <span class='ocrx_word' id='word_1_11' title='bbox 1545 336 1557 357; x_wconf 87' lang='lat'>,</span> <span class='ocrx_word' id='word_1_12' title='bbox 1600 304 1697 349; x_wconf 76' lang='lat' dir='ltr'>intra</span> <span class='ocrx_word' id='word_1_13' title='bbox 1726 316 1801 351; x_wconf 69' lang='grc' dir='ltr'>ωε-</span> 
     </span>
     <span class='ocr_line' id='line_1_3' title="bbox 469 376 742 417; baseline -0.004 0"><span class='ocrx_word' id='word_1_14' title='bbox 469 386 552 417; x_wconf 80' lang='lat' dir='ltr'>mm</span> <span class='ocrx_word' id='word_1_15' title='bbox 584 376 742 417; x_wconf 75' lang='lat' dir='ltr'>latentis.</span> 
     </span>
    </p>
   </div>
   <div class='ocr_carea' id='block_1_3' title="bbox 829 496 1443 581">
    <p class='ocr_par' dir='ltr' id='par_1_3' title="bbox 829 496 1443 581">
     <span class='ocr_line' id='line_1_4' title="bbox 829 496 1443 581; baseline -0.005 -23"><span class='ocrx_word' id='word_1_16' title='bbox 829 497 1330 581; x_wconf 84' lang='lat' dir='ltr'>Experimentum.</span> <span class='ocrx_word' id='word_1_17' title='bbox 1381 496 1443 556; x_wconf 86' lang='grc' dir='ltr'>Ἰ.</span> 
     </span>
    </p>
   </div>
   <div class='ocr_carea' id='block_1_4' title="bbox 475 627 1822 2218">
    <p class='ocr_par' dir='ltr' id='par_1_4' title="bbox 475 627 1822 2218">
     <span class='ocr_line' id='line_1_5' title="bbox 625 627 1815 686; baseline -0.002 -14"><span class='ocrx_word' id='word_1_18' title='bbox 625 630 748 672; x_wconf 81' lang='lat' dir='ltr'>Anno</span> <span class='ocrx_word' id='word_1_19' title='bbox 782 639 897 680; x_wconf 79' lang='lat'>1737</span> <span class='ocrx_word' id='word_1_20' title='bbox 921 661 933 682; x_wconf 90' lang='lat'>,</span> <span class='ocrx_word' id='word_1_21' title='bbox 965 629 1100 671; x_wconf 71' lang='lat' dir='ltr'>mense</span> <span class='ocrx_word' id='word_1_22' title='bbox 1134 629 1276 683; x_wconf 89' lang='lat' dir='ltr'>Iunio,</span> <span class='ocrx_word' id='word_1_23' title='bbox 1309 628 1443 671; x_wconf 78' lang='lat' dir='ltr'>similia</span> <span class='ocrx_word' id='word_1_24' title='bbox 1486 627 1622 670; x_wconf 84' lang='lat' dir='ltr'>institui</span> <span class='ocrx_word' id='word_1_25' title='bbox 1655 632 1815 686; x_wconf 85' lang='lat' dir='ltr'>quoque&#39;</span> 
     </span>
     <span class='ocr_line' id='line_1_6' title="bbox 478 693 1805 750; baseline 0 -14"><span class='ocrx_word' id='word_1_26' title='bbox 478 695 743 750; x_wconf 78' lang='lat' dir='ltr'>experimenta</span> <span class='ocrx_word' id='word_1_27' title='bbox 779 695 995 750; x_wconf 81' lang='lat' dir='ltr'>quotidiana</span> <span class='ocrx_word' id='word_1_28' title='bbox 1030 707 1123 736; x_wconf 88' lang='lat' dir='ltr'>cum</span> <span class='ocrx_word' id='word_1_29' title='bbox 1158 695 1241 750; x_wconf 80' lang='lat' dir='ltr'>pisis</span> <span class='ocrx_word' id='word_1_30' title='bbox 1274 693 1514 747; x_wconf 78' lang='lat' dir='ltr'>vulgaribus,</span> <span class='ocrx_word' id='word_1_31' title='bbox 1551 706 1695 748; x_wconf 80' lang='lat' dir='ltr'>magno</span> <span class='ocrx_word' id='word_1_32' title='bbox 1736 706 1805 736; x_wconf 89' lang='lat' dir='ltr'>nu-</span> 
     </span>
     <span class='ocr_line' id='line_1_7' title="bbox 477 759 1804 816; baseline -0.004 -15"><span class='ocrx_word' id='word_1_33' title='bbox 477 772 590 801; x_wconf 89' lang='lat' dir='ltr'>rnero</span> <span class='ocrx_word' id='word_1_34' title='bbox 623 761 742 816; x_wconf 64' lang='lat' dir='ltr'>teiiuri</span> <span class='ocrx_word' id='word_1_35' title='bbox 765 792 776 812; x_wconf 92' lang='lat'>‚</span> <span class='ocrx_word' id='word_1_36' title='bbox 809 761 866 801; x_wconf 81' lang='lat' dir='ltr'>vti</span> <span class='ocrx_word' id='word_1_37' title='bbox 901 760 1032 815; x_wconf 83' lang='lat' dir='ltr'>prius,</span> <span class='ocrx_word' id='word_1_38' title='bbox 1065 760 1189 802; x_wconf 89' lang='lat' dir='ltr'>libero</span> <span class='ocrx_word' id='word_1_39' title='bbox 1219 760 1295 800; x_wconf 81' lang='lat' dir='ltr'>ae&#39;ri</span> <span class='ocrx_word' id='word_1_40' title='bbox 1328 759 1523 813; x_wconf 75' lang='lat' dir='ltr'>expositae</span> <span class='ocrx_word' id='word_1_41' title='bbox 1542 790 1553 810; x_wconf 84' lang='lat'>,</span> <span class='ocrx_word' id='word_1_42' title='bbox 1606 759 1804 800; x_wconf 78' lang='lat' dir='ltr'>mandatis.</span> 
     </span>
     <span class='ocr_line' id='line_1_8' title="bbox 478 823 1808 879; baseline 0.001 -17"><span class='ocrx_word' id='word_1_43' title='bbox 478 823 533 863; x_wconf 92' lang='lat' dir='ltr'>Vt</span> <span class='ocrx_word' id='word_1_44' title='bbox 567 835 617 864; x_wconf 93' lang='lat' dir='ltr'>ne</span> <span class='ocrx_word' id='word_1_45' title='bbox 655 836 752 865; x_wconf 83' lang='lat' dir='ltr'>vero</span> <span class='ocrx_word' id='word_1_46' title='bbox 803 826 929 865; x_wconf 86' lang='lat' dir='ltr'>minus</span> <span class='ocrx_word' id='word_1_47' title='bbox 971 823 1146 879; x_wconf 86' lang='lat' dir='ltr'>prolixus</span> <span class='ocrx_word' id='word_1_48' title='bbox 1195 823 1265 864; x_wconf 85' lang='lat' dir='ltr'>sun</span> <span class='ocrx_word' id='word_1_49' title='bbox 1286 854 1298 876; x_wconf 86' lang='lat'>,</span> <span class='ocrx_word' id='word_1_50' title='bbox 1345 823 1486 864; x_wconf 87' lang='lat' dir='ltr'>horum</span> <span class='ocrx_word' id='word_1_51' title='bbox 1539 823 1808 876; x_wconf 78' lang='lat' dir='ltr'>phaenomena</span> 
     </span>
     <span class='ocr_line' id='line_1_9' title="bbox 475 886 1812 942; baseline 0.001 -15"><span class='ocrx_word' id='word_1_52' title='bbox 475 886 709 942; x_wconf 77' lang='lat' dir='ltr'>sequentibus</span> <span class='ocrx_word' id='word_1_53' title='bbox 759 889 921 930; x_wconf 85' lang='lat' dir='ltr'>breuiter</span> <span class='ocrx_word' id='word_1_54' title='bbox 971 887 1161 929; x_wconf 79' lang='lat' dir='ltr'>absoluam</span> <span class='ocrx_word' id='word_1_55' title='bbox 1180 919 1192 940; x_wconf 91' lang='lat'>,</span> <span class='ocrx_word' id='word_1_56' title='bbox 1234 888 1274 930; x_wconf 83' lang='grc' dir='ltr'>Ι.</span> <span class='ocrx_word' id='word_1_57' title='bbox 1362 886 1449 928; x_wconf 91' lang='lat' dir='ltr'>Post</span> <span class='ocrx_word' id='word_1_58' title='bbox 1497 900 1651 928; x_wconf 79' lang='lat' dir='ltr'>monim</span> <span class='ocrx_word' id='word_1_59' title='bbox 1702 888 1812 928; x_wconf 72' lang='lat' dir='ltr'>vnim</span> 
     </span>
     <span class='ocr_line' id='line_1_10' title="bbox 477 951 1814 1007; baseline 0.001 -15"><span class='ocrx_word' id='word_1_60' title='bbox 477 951 552 992; x_wconf 78' lang='lat' dir='ltr'>diei</span> <span class='ocrx_word' id='word_1_61' title='bbox 586 953 649 993; x_wconf 90' lang='lat' dir='ltr'>sub</span> <span class='ocrx_word' id='word_1_62' title='bbox 682 962 780 993; x_wconf 82' lang='lat' dir='ltr'>terra</span> <span class='ocrx_word' id='word_1_63' title='bbox 812 964 940 993; x_wconf 85' lang='lat' dir='ltr'>vnum</span> <span class='ocrx_word' id='word_1_64' title='bbox 973 951 1150 993; x_wconf 74' lang='lat' dir='ltr'>effossum</span> <span class='ocrx_word' id='word_1_65' title='bbox 1171 983 1183 1004; x_wconf 86' lang='lat'>,</span> <span class='ocrx_word' id='word_1_66' title='bbox 1214 951 1332 993; x_wconf 68' lang='lat' dir='ltr'>simile</span> <span class='ocrx_word' id='word_1_67' title='bbox 1364 952 1513 1004; x_wconf 90' lang='lat' dir='ltr'>penitus</span> <span class='ocrx_word' id='word_1_68' title='bbox 1555 952 1702 993; x_wconf 87' lang='lat' dir='ltr'>alterius</span> <span class='ocrx_word' id='word_1_69' title='bbox 1752 952 1814 1007; x_wconf 90' lang='lat' dir='ltr'>pi-</span> 
     </span>
     <span class='ocr_line' id='line_1_11' title="bbox 482 1014 1812 1071; baseline 0 -15"><span class='ocrx_word' id='word_1_70' title='bbox 482 1015 509 1056; x_wconf 82' lang='lat' dir='ltr'>ss</span> <span class='ocrx_word' id='word_1_71' title='bbox 528 1048 539 1067; x_wconf 90' lang='lat'>,</span> <span class='ocrx_word' id='word_1_72' title='bbox 570 1017 672 1069; x_wconf 94' lang='lat' dir='ltr'>quod</span> <span class='ocrx_word' id='word_1_73' title='bbox 705 1028 774 1071; x_wconf 87' lang='lat' dir='ltr'>per</span> <span class='ocrx_word' id='word_1_74' title='bbox 807 1015 915 1057; x_wconf 82' lang='lat' dir='ltr'>idem</span> <span class='ocrx_word' id='word_1_75' title='bbox 965 1025 1121 1070; x_wconf 84' lang='lat' dir='ltr'>tempus</span> <span class='ocrx_word' id='word_1_76' title='bbox 1170 1027 1287 1070; x_wconf 78' lang='lat' dir='ltr'>aquae</span> <span class='ocrx_word' id='word_1_77' title='bbox 1333 1014 1569 1057; x_wconf 88' lang='lat' dir='ltr'>submersum</span> <span class='ocrx_word' id='word_1_78' title='bbox 1622 1017 1781 1057; x_wconf 79' lang='lat' dir='ltr'>iacuemt</span> <span class='ocrx_word' id='word_1_79' title='bbox 1798 1047 1812 1067; x_wconf 91' lang='lat'>,</span> 
     </span>
     <span class='ocr_line' id='line_1_12' title="bbox 484 1079 1815 1135; baseline 0.002 -17"><span class='ocrx_word' id='word_1_80' title='bbox 484 1080 715 1132; x_wconf 77' lang='lat' dir='ltr'>ponderauit</span> <span class='ocrx_word' id='word_1_81' title='bbox 753 1092 772 1118; x_wconf 90' lang='lat'>1</span> <span class='ocrx_word' id='word_1_82' title='bbox 814 1086 829 1130; x_wconf 60' lang='grc' dir='ltr'>ξ</span> <span class='ocrx_word' id='word_1_83' title='bbox 862 1079 1019 1135; x_wconf 78' lang='lat' dir='ltr'>pifi1m;</span> <span class='ocrx_word' id='word_1_84' title='bbox 1059 1079 1163 1134; x_wconf 87' lang='lat' dir='ltr'>quod</span> <span class='ocrx_word' id='word_1_85' title='bbox 1215 1080 1492 1120; x_wconf 84' lang='lat' dir='ltr'>incrementum</span> <span class='ocrx_word' id='word_1_86' title='bbox 1540 1080 1719 1133; x_wconf 88' lang='lat' dir='ltr'>ponderis</span> <span class='ocrx_word' id='word_1_87' title='bbox 1761 1081 1815 1120; x_wconf 84' lang='lat' dir='ltr'>ita</span> 
     </span>
     <span class='ocr_line' id='line_1_13' title="bbox 479 1141 1815 1198; baseline 0.001 -16"><span class='ocrx_word' id='word_1_88' title='bbox 479 1142 617 1182; x_wconf 86' lang='lat' dir='ltr'>deinde</span> <span class='ocrx_word' id='word_1_89' title='bbox 649 1143 802 1184; x_wconf 69' lang='lat' dir='ltr'>austum</span> <span class='ocrx_word' id='word_1_90' title='bbox 837 1143 935 1195; x_wconf 81' lang='lat' dir='ltr'>suit,</span> <span class='ocrx_word' id='word_1_91' title='bbox 968 1153 1015 1183; x_wconf 82' lang='lat' dir='ltr'>vt</span> <span class='ocrx_word' id='word_1_92' title='bbox 1049 1144 1134 1196; x_wconf 87' lang='lat' dir='ltr'>post</span> <span class='ocrx_word' id='word_1_93' title='bbox 1164 1141 1312 1197; x_wconf 78' lang='lat' dir='ltr'>elapsos</span> <span class='ocrx_word' id='word_1_94' title='bbox 1346 1155 1368 1193; x_wconf 78' lang='grc' dir='ltr'><em>ς</em></span> <span class='ocrx_word' id='word_1_95' title='bbox 1405 1144 1519 1196; x_wconf 84' lang='lat' dir='ltr'>dies,</span> <span class='ocrx_word' id='word_1_96' title='bbox 1548 1156 1627 1198; x_wconf 91' lang='lat' dir='ltr'>quo</span> <span class='ocrx_word' id='word_1_97' title='bbox 1657 1153 1815 1198; x_wconf 88' lang='lat' dir='ltr'>tempo-</span> 
     </span>
     <span class='ocr_line' id='line_1_14' title="bbox 479 1204 1819 1261; baseline 0 -13"><span class='ocrx_word' id='word_1_98' title='bbox 479 1217 521 1248; x_wconf 72' lang='lat' dir='ltr'>re</span> <span class='ocrx_word' id='word_1_99' title='bbox 554 1204 706 1248; x_wconf 82' lang='lat' dir='ltr'>herbula</span> <span class='ocrx_word' id='word_1_100' title='bbox 737 1205 844 1261; x_wconf 79' lang='lat' dir='ltr'>supra</span> <span class='ocrx_word' id='word_1_101' title='bbox 878 1216 1025 1246; x_wconf 80' lang='lat' dir='ltr'>termm</span> <span class='ocrx_word' id='word_1_102' title='bbox 1059 1205 1258 1246; x_wconf 77' lang='lat' dir='ltr'>emerserat</span> <span class='ocrx_word' id='word_1_103' title='bbox 1280 1238 1292 1256; x_wconf 91' lang='lat'>,</span> <span class='ocrx_word' id='word_1_104' title='bbox 1324 1207 1473 1259; x_wconf 88' lang='lat' dir='ltr'>pondus</span> <span class='ocrx_word' id='word_1_105' title='bbox 1513 1209 1627 1248; x_wconf 82' lang='lat' dir='ltr'>totius</span> <span class='ocrx_word' id='word_1_106' title='bbox 1666 1208 1819 1260; x_wconf 76' lang='lat' dir='ltr'>plantu-</span> 
     </span>
     <span class='ocr_line' id='line_1_15' title="bbox 482 1268 1817 1325; baseline 0 -13"><span class='ocrx_word' id='word_1_107' title='bbox 482 1268 543 1312; x_wconf 78' lang='lat' dir='ltr'>lae</span> <span class='ocrx_word' id='word_1_108' title='bbox 583 1270 674 1311; x_wconf 74' lang='lat' dir='ltr'>eflet</span> <span class='ocrx_word' id='word_1_109' title='bbox 707 1284 737 1321; x_wconf 82' lang='lat'>4</span> <span class='ocrx_word' id='word_1_110' title='bbox 771 1275 785 1318; x_wconf 66' lang='grc' dir='ltr'><em>ξ</em></span> <span class='ocrx_word' id='word_1_111' title='bbox 820 1269 963 1325; x_wconf 77' lang='lat' dir='ltr'>pisbrm</span> <span class='ocrx_word' id='word_1_112' title='bbox 985 1301 999 1322; x_wconf 90' lang='lat'><strong>‚</strong></span> <span class='ocrx_word' id='word_1_113' title='bbox 1031 1269 1083 1311; x_wconf 83' lang='lat'>11.</span> <span class='ocrx_word' id='word_1_114' title='bbox 1140 1269 1255 1311; x_wconf 75' lang='lat' dir='ltr'>¹Post</span> <span class='ocrx_word' id='word_1_115' title='bbox 1301 1281 1455 1310; x_wconf 85' lang='lat' dir='ltr'>momm</span> <span class='ocrx_word' id='word_1_116' title='bbox 1492 1279 1518 1317; x_wconf 79' lang='lat'><strong>3</strong></span> <span class='ocrx_word' id='word_1_117' title='bbox 1553 1270 1703 1311; x_wconf 78' lang='lat' dir='ltr'>dierum</span> <span class='ocrx_word' id='word_1_118' title='bbox 1753 1271 1817 1312; x_wconf 88' lang='lat' dir='ltr'>sub</span> 
     </span>
     <span class='ocr_line' id='line_1_16' title="bbox 480 1331 1817 1388; baseline 0.001 -15"><span class='ocrx_word' id='word_1_119' title='bbox 480 1341 581 1374; x_wconf 83' lang='lat' dir='ltr'>terra</span> <span class='ocrx_word' id='word_1_120' title='bbox 623 1334 782 1374; x_wconf 76' lang='lat' dir='ltr'>iamiam</span> <span class='ocrx_word' id='word_1_121' title='bbox 832 1335 979 1388; x_wconf 88' lang='lat' dir='ltr'>incepit</span> <span class='ocrx_word' id='word_1_122' title='bbox 1020 1332 1193 1388; x_wconf 86' lang='lat' dir='ltr'>plumula</span> <span class='ocrx_word' id='word_1_123' title='bbox 1242 1342 1353 1374; x_wconf 81' lang='lat' dir='ltr'>extra</span> <span class='ocrx_word' id='word_1_124' title='bbox 1403 1333 1514 1373; x_wconf 89' lang='lat' dir='ltr'>lobus</span> <span class='ocrx_word' id='word_1_125' title='bbox 1545 1333 1580 1372; x_wconf 90' lang='lat' dir='ltr'>se</span> <span class='ocrx_word' id='word_1_126' title='bbox 1611 1331 1817 1387; x_wconf 81' lang='lat' dir='ltr'>exserere,</span> 
     </span>
     <span class='ocr_line' id='line_1_17' title="bbox 479 1394 1815 1452; baseline 0.001 -16"><span class='ocrx_word' id='word_1_127' title='bbox 479 1406 519 1437; x_wconf 85' lang='lat' dir='ltr'>et</span> <span class='ocrx_word' id='word_1_128' title='bbox 551 1406 673 1437; x_wconf 79' lang='lat' dir='ltr'>terme</span> <span class='ocrx_word' id='word_1_129' title='bbox 706 1398 963 1438; x_wconf 85' lang='lat' dir='ltr'>committere</span> <span class='ocrx_word' id='word_1_130' title='bbox 983 1429 994 1449; x_wconf 91' lang='lat'>,</span> <span class='ocrx_word' id='word_1_131' title='bbox 1026 1398 1129 1452; x_wconf 89' lang='lat' dir='ltr'>quod</span> <span class='ocrx_word' id='word_1_132' title='bbox 1162 1397 1392 1437; x_wconf 88' lang='lat' dir='ltr'>contrarium</span> <span class='ocrx_word' id='word_1_133' title='bbox 1430 1396 1566 1436; x_wconf 89' lang='lat' dir='ltr'>accidit</span> <span class='ocrx_word' id='word_1_134' title='bbox 1613 1397 1651 1437; x_wconf 88' lang='lat' dir='ltr'>in</span> <span class='ocrx_word' id='word_1_135' title='bbox 1692 1394 1815 1451; x_wconf 51' lang='lat' dir='ltr'>sabis,</span> 
     </span>
     <span class='ocr_line' id='line_1_18' title="bbox 482 1459 1817 1514; baseline 0.001 -13"><span class='ocrx_word' id='word_1_136' title='bbox 482 1459 554 1501; x_wconf 87' lang='lat' dir='ltr'>hae</span> <span class='ocrx_word' id='word_1_137' title='bbox 585 1461 688 1502; x_wconf 83' lang='lat' dir='ltr'>enim</span> <span class='ocrx_word' id='word_1_138' title='bbox 734 1461 842 1502; x_wconf 90' lang='lat' dir='ltr'>lobos</span> <span class='ocrx_word' id='word_1_139' title='bbox 891 1474 966 1503; x_wconf 82' lang='lat' dir='ltr'>vna</span> <span class='ocrx_word' id='word_1_140' title='bbox 1015 1473 1105 1501; x_wconf 88' lang='lat' dir='ltr'>curn</span> <span class='ocrx_word' id='word_1_141' title='bbox 1139 1462 1316 1514; x_wconf 83' lang='lat' dir='ltr'>germine</span> <span class='ocrx_word' id='word_1_142' title='bbox 1349 1460 1511 1501; x_wconf 86' lang='lat' dir='ltr'>educunt</span> <span class='ocrx_word' id='word_1_143' title='bbox 1541 1472 1563 1500; x_wconf 90' lang='lat' dir='ltr'>e</span> <span class='ocrx_word' id='word_1_144' title='bbox 1597 1468 1694 1501; x_wconf 82' lang='lat' dir='ltr'>terra</span> <span class='ocrx_word' id='word_1_145' title='bbox 1715 1494 1726 1513; x_wconf 87' lang='lat'>,</span> <span class='ocrx_word' id='word_1_146' title='bbox 1759 1471 1817 1502; x_wconf 74' lang='lat' dir='ltr'>at-</span> 
     </span>
     <span class='ocr_line' id='line_1_19' title="bbox 482 1523 1817 1580; baseline 0.001 -15"><span class='ocrx_word' id='word_1_147' title='bbox 482 1537 556 1578; x_wconf 88' lang='lat' dir='ltr'>que</span> <span class='ocrx_word' id='word_1_148' title='bbox 588 1525 634 1566; x_wconf 85' lang='lat' dir='ltr'>ad</span> <span class='ocrx_word' id='word_1_149' title='bbox 667 1525 795 1566; x_wconf 89' lang='lat' dir='ltr'>lucem</span> <span class='ocrx_word' id='word_1_150' title='bbox 829 1527 967 1567; x_wconf 86' lang='lat' dir='ltr'>iterum</span> <span class='ocrx_word' id='word_1_151' title='bbox 1004 1525 1231 1580; x_wconf 87' lang='lat' dir='ltr'>proferunt:</span> <span class='ocrx_word' id='word_1_152' title='bbox 1274 1524 1357 1565; x_wconf 84' lang='lat' dir='ltr'>illae</span> <span class='ocrx_word' id='word_1_153' title='bbox 1406 1536 1503 1564; x_wconf 81' lang='lat' dir='ltr'>vero</span> <span class='ocrx_word' id='word_1_154' title='bbox 1532 1523 1622 1564; x_wconf 82' lang='lat' dir='ltr'>infra</span> <span class='ocrx_word' id='word_1_155' title='bbox 1673 1534 1817 1567; x_wconf 80' lang='lat' dir='ltr'>terram</span> 
     </span>
     <span class='ocr_line' id='line_1_20' title="bbox 488 1587 1818 1644; baseline 0.002 -16"><span class='ocrx_word' id='word_1_156' title='bbox 488 1587 596 1628; x_wconf 82' lang='lat' dir='ltr'>lobos</span> <span class='ocrx_word' id='word_1_157' title='bbox 646 1589 863 1643; x_wconf 85' lang='lat' dir='ltr'>reliquunt,</span> <span class='ocrx_word' id='word_1_158' title='bbox 929 1590 1031 1644; x_wconf 90' lang='lat' dir='ltr'>quod</span> <span class='ocrx_word' id='word_1_159' title='bbox 1096 1589 1289 1631; x_wconf 84' lang='lat' dir='ltr'>adnotauit</span> <span class='ocrx_word' id='word_1_160' title='bbox 1352 1588 1471 1629; x_wconf 80' lang='lat' dir='ltr'>etiam</span> <span class='ocrx_word' id='word_1_161' title='bbox 1530 1588 1721 1629; x_wconf 82' lang='lat' dir='ltr'>Mariotte</span> <span class='ocrx_word' id='word_1_162' title='bbox 1777 1591 1818 1631; x_wconf 87' lang='lat' dir='ltr'>in</span> 
     </span>
     <span class='ocr_line' id='line_1_21' title="bbox 490 1652 1818 1708; baseline 0.003 -17"><span class='ocrx_word' id='word_1_163' title='bbox 490 1652 648 1693; x_wconf 73' lang='lat' dir='ltr'>tractatu</span> <span class='ocrx_word' id='word_1_164' title='bbox 680 1653 724 1693; x_wconf 89' lang='lat' dir='ltr'>de</span> <span class='ocrx_word' id='word_1_165' title='bbox 756 1652 794 1693; x_wconf 83' lang='lat' dir='ltr'>Ia</span> <span class='ocrx_word' id='word_1_166' title='bbox 828 1655 1036 1708; x_wconf 77' lang='lat' dir='ltr'>vegetation</span> <span class='ocrx_word' id='word_1_167' title='bbox 1069 1653 1135 1694; x_wconf 84' lang='lat' dir='ltr'>des</span> <span class='ocrx_word' id='word_1_168' title='bbox 1180 1653 1349 1708; x_wconf 83' lang='lat' dir='ltr'>plantes,</span> <span class='ocrx_word' id='word_1_169' title='bbox 1383 1664 1547 1705; x_wconf 85' lang='lat' dir='ltr'>operum</span> <span class='ocrx_word' id='word_1_170' title='bbox 1592 1661 1719 1693; x_wconf 90' lang='lat' dir='ltr'>tomo.</span> <span class='ocrx_word' id='word_1_171' title='bbox 1771 1653 1818 1707; x_wconf 88' lang='lat'>1,</span> 
     </span>
     <span class='ocr_line' id='line_1_22' title="bbox 487 1716 1820 1770; baseline 0.001 -13"><span class='ocrx_word' id='word_1_172' title='bbox 487 1729 575 1770; x_wconf 71' lang='lat' dir='ltr'>pag.</span> <span class='ocrx_word' id='word_1_173' title='bbox 616 1727 718 1766; x_wconf 82' lang='lat'><strong>¹29·</strong></span> <span class='ocrx_word' id='word_1_174' title='bbox 785 1718 946 1760; x_wconf 84' lang='lat' dir='ltr'>Radices</span> <span class='ocrx_word' id='word_1_175' title='bbox 978 1718 1017 1758; x_wconf 88' lang='lat' dir='ltr'>in</span> <span class='ocrx_word' id='word_1_176' title='bbox 1050 1717 1126 1758; x_wconf 90' lang='lat' dir='ltr'>hoc</span> <span class='ocrx_word' id='word_1_177' title='bbox 1159 1718 1281 1769; x_wconf 77' lang='lat' dir='ltr'>statu,</span> <span class='ocrx_word' id='word_1_178' title='bbox 1320 1730 1342 1756; x_wconf 85' lang='lat'>2</span> <span class='ocrx_word' id='word_1_179' title='bbox 1384 1721 1394 1764; x_wconf 67' lang='grc' dir='ltr'>ς</span> <span class='ocrx_word' id='word_1_180' title='bbox 1433 1716 1526 1769; x_wconf 77' lang='lat' dir='ltr'>poli.</span> <span class='ocrx_word' id='word_1_181' title='bbox 1571 1716 1733 1770; x_wconf 77' lang='lat' dir='ltr'>longas,</span> <span class='ocrx_word' id='word_1_182' title='bbox 1765 1718 1820 1759; x_wconf 78' lang='lat' dir='ltr'>al·</span> 
     </span>
     <span class='ocr_line' id='line_1_23' title="bbox 487 1779 1815 1834; baseline 0.002 -14"><span class='ocrx_word' id='word_1_183' title='bbox 487 1779 549 1820; x_wconf 72' lang='lat' dir='ltr'>bas</span> <span class='ocrx_word' id='word_1_184' title='bbox 582 1780 847 1834; x_wconf 87' lang='lat' dir='ltr'>deprehendi,</span> <span class='ocrx_word' id='word_1_185' title='bbox 880 1782 939 1822; x_wconf 89' lang='lat' dir='ltr'>sed</span> <span class='ocrx_word' id='word_1_186' title='bbox 975 1782 1113 1822; x_wconf 85' lang='lat' dir='ltr'>virides</span> <span class='ocrx_word' id='word_1_187' title='bbox 1145 1784 1184 1823; x_wconf 86' lang='lat' dir='ltr'>in</span> <span class='ocrx_word' id='word_1_188' title='bbox 1217 1782 1475 1822; x_wconf 66' lang='lat' dir='ltr'>extremitate.</span> <span class='ocrx_word' id='word_1_189' title='bbox 1516 1780 1603 1823; x_wconf 88' lang='grc' dir='ltr'>ΠΙ.</span> <span class='ocrx_word' id='word_1_190' title='bbox 1670 1780 1715 1821; x_wconf 87' lang='lat' dir='ltr'>ln</span> <span class='ocrx_word' id='word_1_191' title='bbox 1758 1781 1815 1822; x_wconf 83' lang='lat' dir='ltr'>lo-</span> 
     </span>
     <span class='ocr_line' id='line_1_24' title="bbox 489 1843 1821 1900; baseline 0.002 -16"><span class='ocrx_word' id='word_1_192' title='bbox 489 1843 544 1884; x_wconf 79' lang='lat' dir='ltr'>bis</span> <span class='ocrx_word' id='word_1_193' title='bbox 590 1854 670 1885; x_wconf 86' lang='lat' dir='ltr'>tam</span> <span class='ocrx_word' id='word_1_194' title='bbox 724 1845 818 1887; x_wconf 85' lang='lat' dir='ltr'>infra</span> <span class='ocrx_word' id='word_1_195' title='bbox 852 1855 992 1886; x_wconf 84' lang='lat' dir='ltr'>terram</span> <span class='ocrx_word' id='word_1_196' title='bbox 1030 1846 1197 1899; x_wconf 70' lang='lat' dir='ltr'>relictis,</span> <span class='ocrx_word' id='word_1_197' title='bbox 1230 1859 1342 1900; x_wconf 70' lang='lat' dir='ltr'>qnam</span> <span class='ocrx_word' id='word_1_198' title='bbox 1381 1845 1566 1895; x_wconf 81' lang='lat' dir='ltr'>herbulis,</span> <span class='ocrx_word' id='word_1_199' title='bbox 1598 1855 1704 1885; x_wconf 79' lang='lat' dir='ltr'>extm</span> <span class='ocrx_word' id='word_1_200' title='bbox 1739 1855 1821 1886; x_wconf 88' lang='lat' dir='ltr'>ter-</span> 
     </span>
     <span class='ocr_line' id='line_1_25' title="bbox 489 1908 1822 1964; baseline 0.003 -17"><span class='ocrx_word' id='word_1_201' title='bbox 489 1921 568 1948; x_wconf 82' lang='lat' dir='ltr'>mm</span> <span class='ocrx_word' id='word_1_202' title='bbox 605 1908 758 1950; x_wconf 73' lang='lat' dir='ltr'>emersis</span> <span class='ocrx_word' id='word_1_203' title='bbox 778 1943 789 1961; x_wconf 86' lang='lat'>,</span> <span class='ocrx_word' id='word_1_204' title='bbox 821 1910 1056 1964; x_wconf 86' lang='lat' dir='ltr'>deprehendi</span> <span class='ocrx_word' id='word_1_205' title='bbox 1089 1911 1223 1952; x_wconf 84' lang='lat' dir='ltr'>eadem</span> <span class='ocrx_word' id='word_1_206' title='bbox 1259 1910 1369 1963; x_wconf 79' lang='lat' dir='ltr'>plane</span> <span class='ocrx_word' id='word_1_207' title='bbox 1410 1908 1576 1959; x_wconf 52' lang='lat' dir='ltr'>infesta„</span> <span class='ocrx_word' id='word_1_208' title='bbox 1619 1920 1717 1961; x_wconf 81' lang='lat' dir='ltr'>qnae</span> <span class='ocrx_word' id='word_1_209' title='bbox 1753 1922 1822 1951; x_wconf 83' lang='lat' dir='ltr'>an·</span> 
     </span>
     <span class='ocr_line' id='line_1_26' title="bbox 491 1970 1821 2026; baseline 0.004 -17"><span class='ocrx_word' id='word_1_210' title='bbox 491 1980 550 2009; x_wconf 85' lang='lat' dir='ltr'>tea</span> <span class='ocrx_word' id='word_1_211' title='bbox 585 1972 754 2026; x_wconf 75' lang='lat' dir='ltr'>descripsi</span> <span class='ocrx_word' id='word_1_212' title='bbox 788 1974 824 2013; x_wconf 88' lang='lat' dir='ltr'>in</span> <span class='ocrx_word' id='word_1_213' title='bbox 858 1973 960 2014; x_wconf 62' lang='lat' dir='ltr'>Hibis.</span> <span class='ocrx_word' id='word_1_214' title='bbox 995 1974 1065 2015; x_wconf 87' lang='lat' dir='ltr'>IV.</span> <span class='ocrx_word' id='word_1_215' title='bbox 1136 1974 1202 2015; x_wconf 83' lang='lat' dir='ltr'>Ab</span> <span class='ocrx_word' id='word_1_216' title='bbox 1233 1974 1376 2025; x_wconf 79' lang='lat' dir='ltr'>aliquot</span> <span class='ocrx_word' id='word_1_217' title='bbox 1409 1970 1577 2011; x_wconf 81' lang='lat' dir='ltr'>mdiculis</span> <span class='ocrx_word' id='word_1_218' title='bbox 1611 1970 1700 2024; x_wconf 79' lang='lat' dir='ltr'>ligni</span> <span class='ocrx_word' id='word_1_219' title='bbox 1741 1973 1821 2014; x_wconf 83' lang='lat' dir='ltr'>sru-</span> 
     </span>
     <span class='ocr_line' id='line_1_27' title="bbox 495 2033 1818 2086; baseline 0.004 -14"><span class='ocrx_word' id='word_1_220' title='bbox 495 2033 590 2073; x_wconf 82' lang='lat' dir='ltr'>ssum</span> <span class='ocrx_word' id='word_1_221' title='bbox 633 2046 740 2086; x_wconf 81' lang='lat' dir='ltr'>putre</span> <span class='ocrx_word' id='word_1_222' title='bbox 763 2069 772 2086; x_wconf 84' lang='lat'>,</span> <span class='ocrx_word' id='word_1_223' title='bbox 805 2037 867 2077; x_wconf 88' lang='lat' dir='ltr'>sed</span> <span class='ocrx_word' id='word_1_224' title='bbox 898 2038 995 2077; x_wconf 87' lang='lat' dir='ltr'>bene</span> <span class='ocrx_word' id='word_1_225' title='bbox 1027 2036 1235 2076; x_wconf 79' lang='lat' dir='ltr'>cohaerens</span> <span class='ocrx_word' id='word_1_226' title='bbox 1254 2068 1264 2085; x_wconf 93' lang='lat'>,</span> <span class='ocrx_word' id='word_1_227' title='bbox 1301 2033 1498 2086; x_wconf 80' lang='lat' dir='ltr'>persoffiim</span> <span class='ocrx_word' id='word_1_228' title='bbox 1553 2048 1651 2076; x_wconf 85' lang='lat' dir='ltr'>nunc</span> <span class='ocrx_word' id='word_1_229' title='bbox 1699 2039 1818 2077; x_wconf 81' lang='lat' dir='ltr'>etiam</span> 
     </span>
     <span class='ocr_line' id='line_1_28' title="bbox 492 2097 1817 2152; baseline 0.003 -15"><span class='ocrx_word' id='word_1_230' title='bbox 492 2097 583 2137; x_wconf 70' lang='lat' dir='ltr'>vidi.</span> <span class='ocrx_word' id='word_1_231' title='bbox 621 2098 672 2137; x_wconf 78' lang='lat' dir='ltr'>V.</span> <span class='ocrx_word' id='word_1_232' title='bbox 744 2097 845 2139; x_wconf 85' lang='lat' dir='ltr'>Cum</span> <span class='ocrx_word' id='word_1_233' title='bbox 882 2102 1070 2152; x_wconf 77' lang='lat' dir='ltr'>integram</span> <span class='ocrx_word' id='word_1_234' title='bbox 1107 2099 1221 2137; x_wconf 76' lang='lat' dir='ltr'>talem</span> <span class='ocrx_word' id='word_1_235' title='bbox 1268 2097 1468 2149; x_wconf 64' lang='lat' dir='ltr'>plantulam</span> <span class='ocrx_word' id='word_1_236' title='bbox 1510 2098 1574 2139; x_wconf 81' lang='lat' dir='ltr'>soli</span> <span class='ocrx_word' id='word_1_237' title='bbox 1619 2099 1736 2140; x_wconf 84' lang='lat' dir='ltr'>libero</span> <span class='ocrx_word' id='word_1_238' title='bbox 1775 2110 1817 2141; x_wconf 86' lang='lat' dir='ltr'>et</span> 
     </span>
     <span class='ocr_line' id='line_1_29' title="bbox 490 2160 1815 2218; baseline 0.002 -17"><span class='ocrx_word' id='word_1_239' title='bbox 490 2160 622 2202; x_wconf 80' lang='lat' dir='ltr'>calenti</span> <span class='ocrx_word' id='word_1_240' title='bbox 657 2173 920 2215; x_wconf 83' lang='lat' dir='ltr'>exponerem:</span> <span class='ocrx_word' id='word_1_241' title='bbox 956 2161 1041 2218; x_wconf 84' lang='lat' dir='ltr'>post</span> <span class='ocrx_word' id='word_1_242' title='bbox 1077 2175 1100 2213; x_wconf 80' lang='lat'><strong>3</strong></span> <span class='ocrx_word' id='word_1_243' title='bbox 1138 2161 1246 2202; x_wconf 80' lang='lat' dir='ltr'>homs</span> <span class='ocrx_word' id='word_1_244' title='bbox 1278 2162 1413 2202; x_wconf 65' lang='lat' dir='ltr'>radices</span> <span class='ocrx_word' id='word_1_245' title='bbox 1447 2162 1562 2216; x_wconf 80' lang='lat' dir='ltr'>plane</span> <span class='ocrx_word' id='word_1_246' title='bbox 1595 2173 1701 2204; x_wconf 64' lang='lat' dir='ltr'>erant</span> <span class='ocrx_word' id='word_1_247' title='bbox 1745 2175 1815 2204; x_wconf 87' lang='lat' dir='ltr'>ex-</span> 
     </span>
    </p>
   </div>
   <div class='ocr_carea' id='block_1_5' title="bbox 1662 2225 1822 2270">
    <p class='ocr_par' dir='ltr' id='par_1_5' title="bbox 1662 2225 1822 2270">
     <span class='ocr_line' id='line_1_30' title="bbox 1662 2225 1822 2270; baseline -0.006 0"><span class='ocrx_word' id='word_1_248' title='bbox 1662 2225 1822 2270; x_wconf 68' lang='lat' dir='ltr'>siccatae</span> 
     </span>
    </p>
   </div>
  </div>
 </body>
</html>
