1971 2700
316 180 673 229 ATMOMETRI
703 175 969 224 CONSTRV
966 179 1038 223 CT
1034 180 1057 223 I
1059 180 1097 224 Ο
1128 190 1198 226 cet.
1354 200 1372 225 ι
1384 199 1433 239 25

143 298 232 340 valis
262 295 295 340 C
316 300 398 340 EF
417 298 459 340 D
491 299 558 338 erit
589 295 634 351 4)
670 291 882 345 70440m
922 306 967 334 Ε]
1004 295 1122 336 ferme
1155 294 1259 336 hine.

262 366 306 412 5)
337 363 476 404 Pondus
510 359 599 400 vafis
629 356 745 399 CEF
754 356 797 399 D
826 361 896 400 erit
928 363 1092 410 42264.
1125 371 1228 413 gran.
1265 357 1330 400 fiat
1354 372 1441 413 pau-

140 424 180 466 lo
213 427 366 467 maioris
398 424 569 478 ponderis
600 435 635 462 e.
670 434 708 474 g.
741 431 784 461 vt
818 426 860 462 6.
896 422 1002 464 libras
1020 453 1033 473 ‚
1076 423 1270 476 ponderet.

255 490 301 545 6)
334 488 474 542 pondus
507 485 596 526 vafis
627 483 804 527 AABB
837 488 908 526 erit
943 490 1094 536 27360
1129 498 1231 539 gran,
1271 486 1340 527 fiat
1377 497 1444 527 vas

143 551 313 593 AABB
343 551 453 604 paulo
485 550 635 589 maioris
663 549 834 602 ponderis
866 562 900 589 e.
937 563 974 603 g.
1008 559 1161 602 quatuor
1200 550 1394 590 librarum.

259 623 302 667 7)
335 611 491 656 Summa
525 613 735 666 ponderum
778 611 1045 653 thermometri
1067 645 1078 664 ,
1115 613 1299 664 virgarum
1341 625 1412 666 gg
1431 644 1442 664 ,

143 676 245 731 hh,
277 681 352 727 ii,
384 685 422 716 et
453 676 790 729 prominentiarum
825 676 927 716 fundi
960 675 1052 715 vafis
1085 673 1255 715 AABB
1288 685 1330 715 vt
1359 676 1446 715 duas

144 742 251 783 libras
281 740 434 782 excedat
455 770 466 790 ,
501 751 578 779 non
609 738 661 778 est
692 736 837 777 necesse.

262 811 303 856 8)
334 801 436 843 Cum
469 803 653 856 capacitas
684 799 776 840 vasis
809 808 910 841 tauta
942 798 1017 851 fit,
1068 808 1112 839 vt
1145 797 1206 839 sub
1253 799 1446 840 altitudine

146 872 177 906 6
209 869 310 922 digit.
345 865 466 907 Lond.
505 878 561 916 30
597 864 705 904 libras
733 875 847 917 aquae
878 864 1071 903 continere
1105 861 1214 915 poffit
1234 894 1244 914 ,
1275 863 1345 901 erit
1370 861 1451 901 vase

144 933 191 972 ad
220 931 445 971 altitudinem
479 929 543 969 sex
575 928 782 980 digitorum
817 939 908 980 aqua
941 927 1053 979 pleno
1083 924 1228 965 summa
1268 925 1450 965 omnium

142 995 354 1047 ponderum
387 992 545 1045 aequalis
576 1003 632 1040 42
668 989 797 1038 libris,
829 998 868 1028 et
901 989 987 1028 hinc
1020 987 1276 1040 submergetur
1307 987 1446 1027 machi-

142 1069 193 1096 na
224 1058 274 1096 ita
294 1088 304 1106 ,
334 1064 377 1095 vt
407 1054 536 1094 fundus
566 1052 657 1092 vasis
690 1050 863 1092 AABB
897 1052 1058 1104 digitum
1107 1050 1213 1091 distet
1244 1063 1264 1091 a
1296 1049 1448 1105 superfi-

141 1119 203 1158 cie
235 1130 349 1171 aquae
382 1118 421 1156 in
455 1115 538 1155 vase
571 1112 730 1154 GIKH
762 1114 971 1166 stagnantis.

258 1184 306 1229 9)
338 1177 548 1218 Secundum
582 1177 676 1229 hyp.
714 1186 738 1212 2
773 1183 812 1214 et
843 1185 867 1222 3
905 1174 992 1215 coll.
1026 1175 1060 1223 §.
1083 1189 1126 1225 4.
1166 1188 1206 1216 n.
1245 1185 1287 1222 3.
1321 1176 1448 1229 virgae

140 1242 267 1294 portio
299 1239 370 1282 sub
399 1238 591 1279 altitudine
624 1238 782 1278 duarum
826 1236 1006 1279 linearum
1039 1250 1200 1291 granum
1219 1251 1351 1293 capere
1382 1240 1450 1278 de-

139 1304 204 1343 bet
223 1335 234 1354 ‚
285 1302 371 1343 hinc
403 1313 470 1355 per
498 1301 680 1342 calculum
710 1300 895 1342 diameter
926 1300 1095 1342 sectionis
1127 1302 1254 1356 virgae
1289 1313 1448 1343 norma-

141 1365 184 1406 lis
214 1367 259 1407 ad
309 1366 397 1406 axin
430 1365 497 1405 erit
534 1367 603 1412 11⁶ss
633 1365 699 1406 lin.
737 1362 861 1406 Lond.
898 1363 1028 1406 ferme,

253 1461 276 1510 ’ξ
315 1469 357 1509 7.
394 1456 497 1500 Cum
531 1459 571 1499 in
602 1459 692 1501 iusta
726 1461 917 1515 virgarum
957 1460 1109 1501 craffitie
1157 1468 1282 1501 toturn
1332 1457 1446 1499 artifi-

136 1523 242 1563 ³c⁴ium
275 1523 439 1565 consistat
474 1531 512 1562 et
543 1522 807 1565 difficillimum
842 1524 885 1566 fit
918 1523 1047 1564 artifici
1081 1523 1290 1564 mensuram
1343 1521 1448 1574 affig-

145 1595 270 1627 natam
299 1584 526 1627 exaetiffime
576 1586 767 1628 obseruare
785 1620 796 1639 ,
827 1597 870 1628 vt
900 1588 1027 1640 virgae
1061 1587 1284 1637 cylindricae
1311 1583 1444 1624 iustam

137 1649 329 1701 acquirant
360 1649 553 1690 craffitiem
572 1681 583 1700 ‚
617 1650 751 1690 iuuabit
769 1663 827 1691 eas
849 1663 867 1689 1
893 1653 924 1696 55
942 1649 1006 1688 lin.
1027 1648 1210 1689 craffiores
1229 1658 1265 1687 et
1291 1649 1450 1699 quinque

148 1711 284 1763 digitos
315 1712 441 1765 longas
473 1724 599 1765 parare
616 1721 654 1752 et
673 1714 755 1753 dein
788 1713 980 1755 cuiuslibet
1014 1712 1140 1765 virgae
1174 1711 1350 1763 ponderis
1384 1710 1452 1749 de-

141 1782 380 1813 crementum
411 1775 449 1812 in
482 1786 573 1826 aqua
607 1775 806 1827 inquirere,
831 1775 958 1829 quodsi
990 1774 1130 1828 superet
1164 1784 1215 1821 25
1239 1785 1372 1826 grana,
1390 1783 1451 1811 eas

146 1836 326 1875 tenuiores
356 1835 505 1874 reddere
537 1835 648 1875 debet
697 1837 825 1877 artifex
855 1848 892 1877 et
940 1837 1015 1878 hoc
1047 1839 1260 1877 continuare
1280 1867 1290 1884 ,
1337 1845 1449 1884 vsque

146 1899 237 1938 dum
285 1898 493 1937 obtineatur
543 1897 713 1937 craffities
746 1910 789 1938 ea
811 1930 822 1949 ,
857 1898 917 1939 sub
948 1912 1018 1951 qua
1052 1901 1156 1952 virga
1188 1896 1366 1952 quaelibet
1384 1895 1447 1935 de-

146 1968 374 2001 crementum
407 1971 430 1996 2
440 1970 460 2007 5
483 1972 682 2012 granorum
711 1961 749 2000 in
767 1973 858 2014 aqua
890 1963 1040 2014 patitur.

261 2054 294 2101 §.
320 2059 357 2094 8.
392 2051 431 2093 Si
465 2053 637 2093 machina
669 2054 807 2094 notatis
830 2054 979 2095 cautelis
1009 2054 1214 2095 constructa
1252 2066 1320 2106 per
1352 2053 1440 2093 duas

142 2116 256 2158 lineas
287 2115 446 2158 eleuatur
475 2116 753 2158 decrementum
787 2119 903 2159 trium
954 2130 1154 2173 granorum
1178 2149 1189 2171 ‚
1235 2117 1265 2159 ffi
1296 2128 1365 2170 per
1398 2116 1442 2154 li-

698 2179 746 2236 Q
771 2190 794 2229 3
1325 2189 1436 2220 neam
